@article{Modarres:2018ymh,
      author         = "Modarres, M. and Hadian, A.",
      title          = "{Application of the Kimber-Martin-Ryskin and
                        Martin-Ryskin-Watt unintegrated parton distributions to
                        the EMC ratio of a $^6$Li nucleus in the
                        $k_t$-factorization framework}",
      journal        = "Phys. Rev.",
      volume         = "D98",
      year           = "2018",
      number         = "7",
      pages          = "076001",
      doi            = "10.1103/PhysRevD.98.076001",
      eprint         = "1901.06477",
      archivePrefix  = "arXiv",
      primaryClass   = "hep-ph",
      SLACcitation   = "%%CITATION = ARXIV:1901.06477;%%"
}

@article{deOliveira:2013oma,
      author         = "de Oliveira, E. G. and Martin, A. D. and Navarra, F. S.
                        and Ryskin, M. G.",
      title          = "{Unintegrated parton distributions in nuclei}",
      journal        = "JHEP",
      volume         = "09",
      year           = "2013",
      pages          = "158",
      doi            = "10.1007/JHEP09(2013)158",
      eprint         = "1307.2825",
      archivePrefix  = "arXiv",
      primaryClass   = "hep-ph",
      reportNumber   = "IPPP-13-34, DCPT-13-68",
      SLACcitation   = "%%CITATION = ARXIV:1307.2825;%%"
}

@article{Tzanov:2005kr,
      author         = "Tzanov, M. and others",
      title          = "{Precise measurement of neutrino and anti-neutrino
                        differential cross sections}",
      collaboration  = "NuTeV",
      journal        = "Phys. Rev.",
      volume         = "D74",
      year           = "2006",
      pages          = "012008",
      doi            = "10.1103/PhysRevD.74.012008",
      eprint         = "hep-ex/0509010",
      archivePrefix  = "arXiv",
      primaryClass   = "hep-ex",
      reportNumber   = "FERMILAB-PUB-05-453-E",
      SLACcitation   = "%%CITATION = HEP-EX/0509010;%%"
}

@article{Onengut:2005kv,
      author         = "Onengut, G. and others",
      title          = "{Measurement of nucleon structure functions in neutrino
                        scattering}",
      collaboration  = "CHORUS",
      journal        = "Phys. Lett.",
      volume         = "B632",
      year           = "2006",
      pages          = "65-75",
      doi            = "10.1016/j.physletb.2005.10.062",
      reportNumber   = "CERN-PH-EP-2005-048",
      SLACcitation   = "%%CITATION = PHLTA,B632,65;%%"
}

@article{Tzanov:2009zz,
      author         = "Tzanov, Martin",
      title          = "{Review of Neutrino Deep Inelastic Scattering Results}",
      booktitle      = "{Proceedings, 11th International Workshop on Neutrino
                        Factories, Superbeams and Betabeams (NuFact09): Chicago,
                        Illinois, July 20-25,2009}",
      journal        = "AIP Conf. Proc.",
      volume         = "1222",
      year           = "2010",
      number         = "1",
      pages          = "243-247",
      doi            = "10.1063/1.3399305",
      SLACcitation   = "%%CITATION = APCPC,1222,243;%%"
}

@article{Altemus:1980wt,
      author         = "Altemus, R. and Cafolla, A. and Day, D. and Mccarthy,
                        J.S. and Whitney, R.R. and others",
      title          = "{LONGITUDINAL AND TRANSVERSE INELASTIC ELECTRON
                        SCATTERING FROM FE-56}",
      journal        = "Phys. Rev. Lett.",
      volume         = "44",
      pages          = "965-968",
      doi            = "10.1103/PhysRevLett.44.965",
      year           = "1980",
      SLACcitation   = "%%CITATION = PRLTA,44,965;%%",
}

@article{Noble:1980my,
      author         = "Noble, J.V.",
      title          = "{Modification of the nucleon's properties in nuclear
                        matter}",
      journal        = "Phys. Rev. Lett.",
      volume         = "46",
      pages          = "412-415",
      doi            = "10.1103/PhysRevLett.46.412",
      year           = "1981",
      SLACcitation   = "%%CITATION = PRLTA,46,412;%%",
}

@article{Meziani:1984is,
      author         = "Meziani, Z.E. and Barreau, P. and Bernheim, M. and
                        Morgenstern, J. and Turck-Chieze, Sylvaine and others",
      title          = "{Coulomb Sum Rule for Ca-40, Ca-48, and Fe-56 for |q
                        (Vector)| &lt;= 550-MeV/c}",
      journal        = "Phys. Rev. Lett.",
      volume         = "52",
      pages          = "2130-2133",
      doi            = "10.1103/PhysRevLett.52.2130",
      year           = "1984",
      SLACcitation   = "%%CITATION = PRLTA,52,2130;%%",
}


@article{Morgenstern:2001jt,
      author         = "Morgenstern, J. and Meziani, Z.E.",
      title          = "{Is the Coulomb sum rule violated in nuclei?}",
      journal        = "Phys. Lett.",
      volume         = "B515",
      pages          = "269-275",
      doi            = "10.1016/S0370-2693(01)00873-5",
      year           = "2001",
      eprint         = "nucl-ex/0105016",
      archivePrefix  = "arXiv",
      primaryClass   = "nucl-ex",
      reportNumber   = "DAPNIA-SPHN-01-20",
      SLACcitation   = "%%CITATION = NUCL-EX/0105016;%%",
}


@article{Cloet:2015tha,
      author         = "CloÃ«t, Ian C. and Bentz, Wolfgang and Thomas, Anthony
                        W.",
      title          = "{Relativistic and Nuclear Medium Effects on the Coulomb
                        Sum Rule}",
      journal        = "Phys. Rev. Lett.",
      volume         = "116",
      year           = "2016",
      number         = "3",
      pages          = "032701",
      doi            = "10.1103/PhysRevLett.116.032701",
      eprint         = "1506.05875",
      archivePrefix  = "arXiv",
      primaryClass   = "nucl-th",
      SLACcitation   = "%%CITATION = ARXIV:1506.05875;%%"
}

@article{Frankfurt:1988nt,
      author         = "Frankfurt, L. L. and Strikman, M. I.",
      title          = "{Hard Nuclear Processes and Microscopic Nuclear
                        Structure}",
      journal        = "Phys. Rept.",
      volume         = "160",
      year           = "1988",
      pages          = "235-427",
      doi            = "10.1016/0370-1573(88)90179-2",
      SLACcitation   = "%%CITATION = PRPLC,160,235;%%"
}

@article{Frankfurt:1981mk,
      author         = "Frankfurt, L. L. and Strikman, M. I.",
      title          = "{High-Energy Phenomena, Short Range Nuclear Structure and
                        QCD}",
      journal        = "Phys. Rept.",
      volume         = "76",
      year           = "1981",
      pages          = "215-347",
      doi            = "10.1016/0370-1573(81)90129-0",
      SLACcitation   = "%%CITATION = PRPLC,76,215;%%"
}

@article{Taylor:1991ew,
      author         = "Taylor, Richard E.",
      title          = "{Deep inelastic scattering: The Early years}",
      journal        = "Rev. Mod. Phys.",
      volume         = "63",
      year           = "1991",
      pages          = "573-595",
      doi            = "10.1103/RevModPhys.63.573",
      reportNumber   = "SLAC-REPRINT-1991-020",
      SLACcitation   = "%%CITATION = RMPHA,63,573;%%"
}

@article{Frankfurt:1993sp,
      author         = "Frankfurt, L. L. and Strikman, M. I. and Day, D. B. and
                        Sargsian, M.",
      title          = "{Evidence for short range correlations from high Q**2 (e,
                        e-prime) reactions}",
      journal        = "Phys. Rev.",
      volume         = "C48",
      year           = "1993",
      pages          = "2451-2461",
      doi            = "10.1103/PhysRevC.48.2451",
      SLACcitation   = "%%CITATION = PHRVA,C48,2451;%%"
}

@article{Sargsian:2002wc,
      author         = "Sargsian, M. M. and others",
      title          = "{Hadrons in the nuclear medium}",
      journal        = "J. Phys.",
      volume         = "G29",
      year           = "2003",
      number         = "3",
      pages          = "R1-R45",
      doi            = "10.1088/0954-3899/29/3/201",
      eprint         = "nucl-th/0210025",
      archivePrefix  = "arXiv",
      primaryClass   = "nucl-th",
      reportNumber   = "NT-UW-02-020, JLAB-PHY-02-48",
      SLACcitation   = "%%CITATION = NUCL-TH/0210025;%%"
}

@article{Arneodo:1992wf,
      author         = "Arneodo, Michele",
      title          = "{Nuclear effects in structure functions}",
      journal        = "Phys. Rept.",
      volume         = "240",
      year           = "1994",
      pages          = "301-393",
      doi            = "10.1016/0370-1573(94)90048-5",
      reportNumber   = "CERN-PPE-92-113",
      SLACcitation   = "%%CITATION = PRPLC,240,301;%%"
}

@article{Bickerstaff:1985ax,
      author         = "Bickerstaff, R. P. and Birse, M. C. and Miller, G. A.",
      title          = "{DISENTANGLING EXPLANATIONS OF DEEP INELASTIC LEPTON
                        NUCLEUS SCATTERING BY LEPTON PAIR PRODUCTION}",
      journal        = "Phys. Rev. Lett.",
      volume         = "53",
      year           = "1984",
      pages          = "2532-2535",
      doi            = "10.1103/PhysRevLett.53.2532",
      SLACcitation   = "%%CITATION = PRLTA,53,2532;%%"
}

@article{Londergan:2009kj,
      author         = "Londergan, J. T. and Peng, J. C. and Thomas, A. W.",
      title          = "{Charge Symmetry at the Partonic Level}",
      journal        = "Rev. Mod. Phys.",
      volume         = "82",
      year           = "2010",
      pages          = "2009-2052",
      doi            = "10.1103/RevModPhys.82.2009",
      eprint         = "0907.2352",
      archivePrefix  = "arXiv",
      primaryClass   = "hep-ph",
      reportNumber   = "JLAB-THY-09-954",
      SLACcitation   = "%%CITATION = ARXIV:0907.2352;%%"
}

@article{Mineo:2003vc,
      author         = "Mineo, H. and Bentz, Wolfgang and Ishii, N. and Thomas,
                        Anthony William and Yazaki, K.",
      title          = "{Quark distributions in nuclear matter and the EMC
                        effect}",
      journal        = "Nucl. Phys.",
      volume         = "A735",
      year           = "2004",
      pages          = "482-514",
      doi            = "10.1016/j.nuclphysa.2004.02.011",
      eprint         = "nucl-th/0312097",
      archivePrefix  = "arXiv",
      primaryClass   = "nucl-th",
      reportNumber   = "ADP-03-144-T579",
      SLACcitation   = "%%CITATION = NUCL-TH/0312097;%%"
}

@article{Bentz:2009yy,
      author         = "Bentz, W. and CloÃ«t, I. C. and Londergan, J. T. and
                        Thomas, A. W.",
      title          = "{Reassessment of the NuTeV determination of the weak
                        mixing angle}",
      journal        = "Phys. Lett.",
      volume         = "B693",
      year           = "2010",
      pages          = "462-466",
      doi            = "10.1016/j.physletb.2010.09.001",
      eprint         = "0908.3198",
      archivePrefix  = "arXiv",
      primaryClass   = "nucl-th",
      reportNumber   = "JLAB-THY-09-1051, NT-UW-09-19",
      SLACcitation   = "%%CITATION = ARXIV:0908.3198;%%"
}

@article{Chang:2015qxa,
      author         = "Chang, Emmanuel and Detmold, William and Orginos, Kostas
                        and Parreno, Assumpta and Savage, Martin J. and Tiburzi,
                        Brian C. and Beane, Silas R.",
      title          = "{Magnetic structure of light nuclei from lattice QCD}",
      collaboration  = "NPLQCD",
      journal        = "Phys. Rev.",
      volume         = "D92",
      year           = "2015",
      number         = "11",
      pages          = "114502",
      doi            = "10.1103/PhysRevD.92.114502",
      eprint         = "1506.05518",
      archivePrefix  = "arXiv",
      primaryClass   = "hep-lat",
      reportNumber   = "INT-PUB-15-011, NT@UW-15-03, ICC@UB-15-016, MIT-CTP-4667,
                        JLAB-THY-15-2109",
      SLACcitation   = "%%CITATION = ARXIV:1506.05518;%%"
}

@article{Cloet:2015tha,
      author         = "CloÃ«t, Ian C. and Bentz, Wolfgang and Thomas, Anthony
                        W.",
      title          = "{Relativistic and Nuclear Medium Effects on the Coulomb
                        Sum Rule}",
      journal        = "Phys. Rev. Lett.",
      volume         = "116",
      year           = "2016",
      number         = "3",
      pages          = "032701",
      doi            = "10.1103/PhysRevLett.116.032701",
      eprint         = "1506.05875",
      archivePrefix  = "arXiv",
      primaryClass   = "nucl-th",
      SLACcitation   = "%%CITATION = ARXIV:1506.05875;%%"
}

@article{Piller:1995nc,
      author         = "Piller, G. and Thomas, Anthony William",
      title          = "{J / psi production as a probe of charge symmetry
                        violations and nuclear corrections in parton
                        distributions}",
      journal        = "Z. Phys.",
      volume         = "C70",
      year           = "1996",
      pages          = "661-664",
      doi            = "10.1007/s002880050140",
      eprint         = "hep-ph/9508410",
      archivePrefix  = "arXiv",
      primaryClass   = "hep-ph",
      reportNumber   = "ADP-95-25-T-180, TUM-T39-95-8",
      SLACcitation   = "%%CITATION = HEP-PH/9508410;%%"
}

@article{Thomas:2018kcx,
      author         = "Thomas, Anthony W.",
      title          = "{Reflections on the Origin of the EMC Effect}",
      journal        = "Int. J. Mod. Phys.",
      volume         = "E27",
      year           = "2018",
      number         = "9",
      pages          = "1840001",
      doi            = "10.1142/S0218301318400013",
      eprint         = "1809.06622",
      archivePrefix  = "arXiv",
      primaryClass   = "hep-ph",
      SLACcitation   = "%%CITATION = ARXIV:1809.06622;%%"
}

@article{Pudliner:1997ck,
      author         = "Pudliner, B. S. and Pandharipande, V. R. and Carlson, J.
                        and Pieper, Steven C. and Wiringa, Robert B.",
      title          = "{Quantum Monte Carlo calculations of nuclei with A <= 7}",
      journal        = "Phys. Rev.",
      volume         = "C56",
      year           = "1997",
      pages          = "1720-1750",
      doi            = "10.1103/PhysRevC.56.1720",
      eprint         = "nucl-th/9705009",
      archivePrefix  = "arXiv",
      primaryClass   = "nucl-th",
      reportNumber   = "ANL-PHY-8693-TH-97",
      SLACcitation   = "%%CITATION = NUCL-TH/9705009;%%"
}


@article{Smith:2005ra,
      author         = "Smith, Jason Robert and Miller, Gerald A.",
      title          = "{Polarized quark distributions in nuclear matter}",
      journal        = "Phys. Rev.",
      volume         = "C72",
      year           = "2005",
      pages          = "022203",
      doi            = "10.1103/PhysRevC.72.022203",
      eprint         = "nucl-th/0505048",
      archivePrefix  = "arXiv",
      primaryClass   = "nucl-th",
      reportNumber   = "NT-UW-05-02",
      SLACcitation   = "%%CITATION = NUCL-TH/0505048;%%"
}

@unpublished{12gev_emc,
  author = {Daniel, A. and Arrington, J. and Fomin, N. and Gaskell, D.},
  year = {2010},
  title = {{J}efferson {L}ab {E}xperiment {E}12-10-008},
  url ={ http://www.jlab.org/exp_prog/proposals/10/PR12-10-008.pdf},
  %note = {{J}efferson {L}ab {E}xperiment {E}12-10-008},
}

@unpublished{12gev_xgt1,
      author = {Day, D. and Arrington, J. and Fomin, N. and Solvginon, P.},
      year = {2006},
     title = {{J}efferson {L}ab {E}xperiment {E}12-06-105},
        url = {http://www.jlab.org/exp_prog/proposals/06/PR12-06-105.pdf},
      %note = {{J}efferson {L}ab {E}xperiment {E}12-06-105},
}

@unpublished{12gev_nucr,
    author = {Malace, S. and Christy, M. E. and Gaskell, D. and  Keppel, C. E. and  Solvignon, P.},
    year = {2014},
   title= {{J}efferson {L}ab {E}xperiment {E}12-14-002},
  url = {http://www.jlab.org/exp_prog/proposals/14/PR12-14-002.pdf},
 %  note = {{J}efferson {L}ab {E}xperiment {E}12-14-002},
}

@unpublished{emcpvdis,
    author = {Riordan, S. and Beminiwattha, R. and Arrington, J.},
    year = {2016},
   title= {{J}efferson {L}ab PAC 44 {P}roposal {PR}12-16-006},
  url = {https://www.jlab.org/exp_prog/proposals/16/PR12-16-006.pdf},
 %  note = {{J}efferson {L}ab PAC 44 {P}roposal {PR}12-16-006},
}

@unpublished{jlabspin,
    author = {Brooks, W. K. and Kuhn, S. E.},
    year = {2014},
   title= {{J}efferson {L}ab {E}xperiment {E}12-14-001},
  url = {https://www.jlab.org/exp_prog/proposals/14/PR12-14-001.pdf},
 %  note = {{J}efferson {L}ab {E}xperiment {E}12-14-001},
}

@unpublished{mar,
    author = {Arrington, J. and Katramatou, A. T. and Petratos, G. G. and Ransome, R. D. },
    year = {2010},
    title= {{J}efferson {L}ab {E}xperiment {E}12-10-103},
    url = {https://www.jlab.org/exp_prog/proposals/10/PR12-10-103.pdf},
 %   note = {{J}efferson {L}ab {E}xperiment {E}12-10-103},
}

@unpublished{sid1,
    author = {Gao, H and Chen, J. P. and Jiang, X. and Peng, J. C. and Qian, X.},
    year = {2009},
   title= {{J}efferson {L}ab {P}roposal {PR}12-09-014},
   url = {https://www.jlab.org/exp_prog/proposals/09/PR12-09-014.pdf},
 %  note = {{J}efferson {L}ab {P}roposal {PR}12-09-014},
}

@unpublished{sid2,
    author = {Chen, J. P. and Qiang, Y. and Yan, W.},
    year = {2011},
   title= {{J}efferson {L}ab {P}roposal {PR}12-11-007},
   url = {https://www.jlab.org/exp_prog/proposals/11/PR12-11-007.pdf},
 %  note = {{J}efferson {L}ab {P}roposal {PR}12-11-007},
}

@unpublished{solid_pvdis,
    author = {Souder, P. and others},
    year = {2010},
   title= {{J}efferson {L}ab {P}roposal {PR}12-10-007},
   url = {https://www.jlab.org/exp_prog/proposals/10/PR12-10-007.pdf},
   %note = {{J}efferson {L}ab {P}roposal {PR}12-10-007},
}

@unpublished{bonus12,
    author = {Bueltmann, S. and Christy, M. E. and Howard, F. and Griffioen, K. A. and Keppel, C. E. and Kuhn, S. E. and Melnitchouk, W. and Tvaskis, V.},
    year = {2006},
   title= {{J}efferson {L}ab {P}roposal {PR}12-06-113},
   url = {https://www.jlab.org/exp_prog/proposals/06/PR12-06-113.pdf},
   %note = {{J}efferson {L}ab {P}roposal {PR}12-06-113},
}

@unpublished{seaquest,
    author = {Geesaman, D. F. and Reimer, P. E. and others},
    year = {2006},
   title= {{F}ermi {N}ational {A}ccelerator {L}aboratory {E}xperiment {E}906},
   url = {http://www.phy.anl.gov/mep/SeaQuest/},
   %note = {{F}ermi {N}ational {A}ccelerator {L}aboratory {E}xperiment {E}906},
}

@unpublished{quarkformprop,
    author = {Hafidi, K. and others},
    year = {2006},
   title= {{J}efferson {L}ab {P}roposal {PR}12-06-117},
   url = {http://www.jlab.org/exp_prog/proposals/06/PR12-06-117.pdf},
   %note = {{J}efferson {L}ab {P}roposal {PR}12-06-117},
}

@unpublished{rhoct6gevclas,
    author = {Hafidi, K. and Holtrop, M. and Mustapha, B.},
    year = {2002},
   title= {{J}efferson {L}ab {E}xperiment E02-110},
   url = {http://www.jlab.org/exp_prog/proposals/02/PR02-110.ps},
   %note = {{J}efferson {L}ab {E}xperiment E02-110},
}

@unpublished{coldct6gevclas,
    author = {Brooks, W.},
    year = {2002},
   title= {{J}efferson {L}ab {E}xperiment E02-104},
   url = {http://www.jlab.org/exp_prog/proposals/02/PR02-104.pdf},
   %note = {{J}efferson {L}ab {E}xperiment E02-104},
}

@unpublished{deutLDRD,
    author = {Weiss, C. and others},
    year = {2014},
    note = {{P}hysics potential of polarized light ions with EIC$@$JLab},
    url = {https://www.jlab.org/theory/tag/},
}

@unpublished{tritsrc,
    author = {Hen, O. and Weinstein, L.B. and Gilad, S. and Boeglin, W.},
    year = {2014},
    title= {{J}efferson {L}ab {E}xperiment {E}12-14-011},
    url = {https://www.jlab.org/exp_prog//proposals/14/PR12-14-011.pdf},
    %note = {{J}efferson {L}ab {E}xperiment {E}12-14-011},
}
@article{PhysRevD.98.030001,
      title = {Review of Particle Physics},
        author = {Tanabashi, M. and others},
collaboration = {Particle Data Group},
journal = {Phys. Rev. D},
volume = {98},
issue = {3},
pages = {030001},
numpages = {1898},
year = {2018},
month = {Aug},
publisher = {American Physical Society},
doi = {10.1103/PhysRevD.98.030001},
url = {https://link.aps.org/doi/10.1103/PhysRevD.98.030001}
}

@article{Aubert:1983xm,
    author         = "Aubert, J. J. and others",
    title          = "{The ratio of the nucleon structure functions $F2_n$ for
        iron and deuterium}",
collaboration  = "European Muon",
journal        = "Phys. Lett.",
volume         = "123B",
year           = "1983",
pages          = "275-278",
doi            = "10.1016/0370-2693(83)90437-9",
reportNumber   = "CERN-EP/83-14",
SLACcitation   = "%%CITATION = PHLTA,123B,275;%%"
}

@article{Geesaman:1995yd,
      author         = "Geesaman, Donald F. and Saito, K. and Thomas, Anthony
                        William",
      title          = "{The nuclear EMC effect}",
      journal        = "Ann. Rev. Nucl. Part. Sci.",
      volume         = "45",
      year           = "1995",
      pages          = "337-390",
      doi            = "10.1146/annurev.ns.45.120195.002005",
      reportNumber   = "PHY-7963-ME-95",
      SLACcitation   = "%%CITATION = ARNUA,45,337;%%"
}

@article{Malace:2014uea,
      author         = "Malace, Simona and Gaskell, David and Higinbotham,
                        Douglas W. and Cloet, Ian",
      title          = "{The Challenge of the EMC Effect: existing data and
                        future directions}",
      journal        = "Int. J. Mod. Phys.",
      volume         = "E23",
      year           = "2014",
      number         = "08",
      pages          = "1430013",
      doi            = "10.1142/S0218301314300136",
      eprint         = "1405.1270",
      archivePrefix  = "arXiv",
      primaryClass   = "nucl-ex",
      reportNumber   = "JLAB-PHY-14-1886",
      SLACcitation   = "%%CITATION = ARXIV:1405.1270;%%"
}

@article{Hen:2016kwk,
      author         = "Hen, O. and Miller, G. A. and Piasetzky, E. and Weinstein, L. B.",
      title          = "{Nucleon-Nucleon Correlations, Short-lived Excitations,
                        and the Quarks Within}",
      journal        = "Rev. Mod. Phys.",
      volume         = "89",
      year           = "2017",
      number         = "4",
      pages          = "045002",
      doi            = "10.1103/RevModPhys.89.045002",
      eprint         = "1611.09748",
      archivePrefix  = "arXiv",
      primaryClass   = "nucl-ex",
      SLACcitation   = "%%CITATION = ARXIV:1611.09748;%%"
}


@article{Norton:2003cb,
      author         = "Norton, P. R.",
      title          = "{The EMC effect}",
      journal        = "Rept. Prog. Phys.",
      volume         = "66",
      year           = "2003",
      pages          = "1253-1297",
      doi            = "10.1088/0034-4885/66/8/201",
      SLACcitation   = "%%CITATION = RPPHA,66,1253;%%"
}

@article{Piller:1999wx,
      author         = "Piller, Gunther and Weise, Wolfram",
      title          = "{Nuclear deep inelastic lepton scattering and coherence
                        phenomena}",
      journal        = "Phys. Rept.",
      volume         = "330",
      year           = "2000",
      pages          = "1-94",
      doi            = "10.1016/S0370-1573(99)00107-6",
      eprint         = "hep-ph/9908230",
      archivePrefix  = "arXiv",
      primaryClass   = "hep-ph",
      reportNumber   = "TUM-T39-99-11",
      SLACcitation   = "%%CITATION = HEP-PH/9908230;%%"
}

@article{Hen:2013oha,
      author         = "Hen, Or and Higinbotham, D. W. and Miller, Gerald A. and
                        Piasetzky, Eli and Weinstein, Lawrence B.",
      title          = "{The EMC Effect and High Momentum Nucleons in Nuclei}",
      journal        = "Int. J. Mod. Phys.",
      volume         = "E22",
      year           = "2013",
      pages          = "1330017",
      doi            = "10.1142/S0218301313300178",
      eprint         = "1304.2813",
      archivePrefix  = "arXiv",
      primaryClass   = "nucl-th",
      reportNumber   = "JLAB-PHY-13-1801",
      SLACcitation   = "%%CITATION = ARXIV:1304.2813;%%"
}

@article{Benvenuti:1987az,
      author         = "Benvenuti, A. C. and others",
      title          = "{Nuclear Effects in Deep Inelastic Muon Scattering on
                        Deuterium and Iron Targets}",
      collaboration  = "BCDMS",
      journal        = "Phys. Lett.",
      volume         = "B189",
      year           = "1987",
      pages          = "483-487",
      doi            = "10.1016/0370-2693(87)90664-2",
      reportNumber   = "CERN-EP-87-13",
      SLACcitation   = "%%CITATION = PHLTA,B189,483;%%"
}


@article{Gomez:1993ri,
      author         = "Gomez, J. and others",
      title          = "{Measurement of the A-dependence of deep inelastic
                        electron scattering}",
      journal        = "Phys. Rev.",
      volume         = "D49",
      year           = "1994",
      pages          = "4348-4372",
      doi            = "10.1103/PhysRevD.49.4348",
      reportNumber   = "SLAC-PUB-5813",
      SLACcitation   = "%%CITATION = PHRVA,D49,4348;%%"
}

@article{Ashman:1992kv,
      author         = "Ashman, J. and others",
      title          = "{A Measurement of the ratio of the nucleon structure
                        function in copper and deuterium}",
      collaboration  = "European Muon",
      journal        = "Z. Phys.",
      volume         = "C57",
      year           = "1993",
      pages          = "211-218",
      doi            = "10.1007/BF01565050",
      reportNumber   = "CERN-PPE-92-155",
      SLACcitation   = "%%CITATION = ZEPYA,C57,211;%%"
}

@article{Guzey:2012yk,
      author         = "Guzey, Vadim and Zhu, Lingyan and Keppel, Cynthia E. and
                        Christy, M. Eric and Gaskell, Dave and Solvignon, Patricia
                        and Accardi, Alberto",
      title          = "{Impact of nuclear dependence of $R=\sigma_L/\sigma_T$ on
                        antishadowing in nuclear structure functions}",
      journal        = "Phys. Rev.",
      volume         = "C86",
      year           = "2012",
      pages          = "045201",
      doi            = "10.1103/PhysRevC.86.045201",
      eprint         = "1207.0131",
      archivePrefix  = "arXiv",
      primaryClass   = "hep-ph",
      reportNumber   = "JLAB-PHY-12-1626",
      SLACcitation   = "%%CITATION = ARXIV:1207.0131;%%"
}

@article{Seely:2009gt,
      author         = "Seely, J. and others",
      title          = "{New measurements of the EMC effect in very light
                        nuclei}",
      journal        = "Phys. Rev. Lett.",
      volume         = "103",
      year           = "2009",
      pages          = "202301",
      doi            = "10.1103/PhysRevLett.103.202301",
      eprint         = "0904.4448",
      archivePrefix  = "arXiv",
      primaryClass   = "nucl-ex",
      reportNumber   = "JLAB-PHY-09-956",
      SLACcitation   = "%%CITATION = ARXIV:0904.4448;%%"
}

@article{Weinstein:2010rt,
      author         = "Weinstein, L. B. and Piasetzky, E. and Higinbotham, D. W.
                        and Gomez, J. and Hen, O. and Shneor, R.",
      title          = "{Short Range Correlations and the EMC Effect}",
      journal        = "Phys. Rev. Lett.",
      volume         = "106",
      year           = "2011",
      pages          = "052301",
      doi            = "10.1103/PhysRevLett.106.052301",
      eprint         = "1009.5666",
      archivePrefix  = "arXiv",
      primaryClass   = "hep-ph",
      reportNumber   = "JLAB-PHY-10-1227",
      SLACcitation   = "%%CITATION = ARXIV:1009.5666;%%"
}


@article{Hen:2012fm,
      author         = "Hen, O. and Piasetzky, E. and Weinstein, L. B.",
      title          = "{New data strengthen the connection between Short Range
                        Correlations and the EMC effect}",
      journal        = "Phys. Rev.",
      volume         = "C85",
      year           = "2012",
      pages          = "047301",
      doi            = "10.1103/PhysRevC.85.047301",
      eprint         = "1202.3452",
      archivePrefix  = "arXiv",
      primaryClass   = "nucl-ex",
      SLACcitation   = "%%CITATION = ARXIV:1202.3452;%%"
}

@article{Arrington:2012ax,
      author         = "Arrington, John and Daniel, Aji and Day, Donal and Fomin,
                        Nadia and Gaskell, Dave and Solvignon, Patricia",
      title          = "{A detailed study of the nuclear dependence of the EMC
                        effect and short-range correlations}",
      journal        = "Phys. Rev.",
      volume         = "C86",
      year           = "2012",
      pages          = "065204",
      doi            = "10.1103/PhysRevC.86.065204",
      eprint         = "1206.6343",
      archivePrefix  = "arXiv",
      primaryClass   = "nucl-ex",
      reportNumber   = "JLAB-PHY-12-1587",
      SLACcitation   = "%%CITATION = ARXIV:1206.6343;%%"
}

@article{Eskola:2016oht,
      author         = "Eskola, Kari J. and Paakkinen, Petja and Paukkunen, Hannu
                        and Salgado, Carlos A.",
      title          = "{EPPS16: Nuclear parton distributions with LHC data}",
      journal        = "Eur. Phys. J.",
      volume         = "C77",
      year           = "2017",
      number         = "3",
      pages          = "163",
      doi            = "10.1140/epjc/s10052-017-4725-9",
      eprint         = "1612.05741",
      archivePrefix  = "arXiv",
      primaryClass   = "hep-ph",
      SLACcitation   = "%%CITATION = ARXIV:1612.05741;%%"
}

@article{PhysRevD.95.094013,
  title = {Nuclear parton density functions from jet production in DIS at an EIC},
  author = {Klasen, M. and Kova\ifmmode \check{r}\else \v{r}\fi{}\'{\i}k, K. and Potthoff, J.},
  journal = {Phys. Rev. D},
  volume = {95},
  issue = {9},
  pages = {094013},
  numpages = {9},
  year = {2017},
  month = {May},
  publisher = {American Physical Society},
  doi = {10.1103/PhysRevD.95.094013},
  url = {https://link.aps.org/doi/10.1103/PhysRevD.95.094013}
}

@article{PhysRevD.97.114013,
  title = {Nuclear parton density functions from dijet photoproduction at the EIC},
  author = {Klasen, M. and Kova\ifmmode \check{r}\else \v{r}\fi{}\'{\i}k, K.},
  journal = {Phys. Rev. D},
  volume = {97},
  issue = {11},
  pages = {114013},
  numpages = {9},
  year = {2018},
  month = {Jun},
  publisher = {American Physical Society},
  doi = {10.1103/PhysRevD.97.114013},
  url = {https://link.aps.org/doi/10.1103/PhysRevD.97.114013}
}

@article{PhysRevD.96.114005,
  title = {Nuclear structure functions at a future electron-ion collider},
  author = {Aschenauer, E. C. and Fazio, S. and Lamont, M. A. C. and Paukkunen, H. and Zurita, P.},
  journal = {Phys. Rev. D},
  volume = {96},
  issue = {11},
  pages = {114005},
  numpages = {20},
  year = {2017},
  month = {Dec},
  publisher = {American Physical Society},
  doi = {10.1103/PhysRevD.96.114005},
  url = {https://link.aps.org/doi/10.1103/PhysRevD.96.114005}
}


@article{Cloet:2009qs,
      author         = "Cloet, I. C. and Bentz, W. and Thomas, A. W.",
      title          = "{Isovector EMC effect explains the NuTeV anomaly}",
      journal        = "Phys. Rev. Lett.",
      volume         = "102",
      year           = "2009",
      pages          = "252301",
      doi            = "10.1103/PhysRevLett.102.252301",
      eprint         = "0901.3559",
      archivePrefix  = "arXiv",
      primaryClass   = "nucl-th",
      reportNumber   = "NT-UW-09-03, JLAB-THY-09-933",
      SLACcitation   = "%%CITATION = ARXIV:0901.3559;%%"
}

@article{Sargsian:2012sm,
      author         = "Sargsian, Misak M.",
      title          = "{New properties of the high-momentum distribution of
                        nucleons in asymmetric nuclei}",
      journal        = "Phys. Rev.",
      volume         = "C89",
      year           = "2014",
      number         = "3",
      pages          = "034305",
      doi            = "10.1103/PhysRevC.89.034305",
      eprint         = "1210.3280",
      archivePrefix  = "arXiv",
      primaryClass   = "nucl-th",
      reportNumber   = "NUPAR-11-2012",
      SLACcitation   = "%%CITATION = ARXIV:1210.3280;%%"
}



@article{PhysRevLett.106.052301,
  title = {Short Range Correlations and the EMC Effect},
  author = {Weinstein, L. B. and Piasetzky, E. and Higinbotham, D. W. and Gomez, J. and Hen, O. and Shneor, R.},
  journal = {Phys. Rev. Lett.},
  volume = {106},
  issue = {5},
  pages = {052301},
  numpages = {4},
  year = {2011},
  month = {Feb},
  publisher = {American Physical Society},
  doi = {10.1103/PhysRevLett.106.052301},
  url = {https://link.aps.org/doi/10.1103/PhysRevLett.106.052301}
}

@article{Subedi:2008zz,
      author         = "Subedi, R. and others",
      title          = "{Probing Cold Dense Nuclear Matter}",
      journal        = "Science",
      volume         = "320",
      year           = "2008",
      pages          = "1476-1478",
      doi            = "10.1126/science.1156675",
      eprint         = "0908.1514",
      archivePrefix  = "arXiv",
      primaryClass   = "nucl-ex",
      reportNumber   = "JLAB-PHY-08-828",
      SLACcitation   = "%%CITATION = ARXIV:0908.1514;%%"
}

@article{Zeller:2001hh,
      author         = "Zeller, G. P. and others",
      title          = "{A Precise determination of electroweak parameters in
                        neutrino nucleon scattering}",
      collaboration  = "NuTeV",
      journal        = "Phys. Rev. Lett.",
      volume         = "88",
      year           = "2002",
      pages          = "091802",
      doi            = "10.1103/PhysRevLett.88.091802,
                        10.1103/PhysRevLett.90.239902",
      note           = "[Erratum: Phys. Rev. Lett.90,239902(2003)]",
      eprint         = "hep-ex/0110059",
      archivePrefix  = "arXiv",
      primaryClass   = "hep-ex",
      reportNumber   = "FERMILAB-PUB-01-341-E",
      SLACcitation   = "%%CITATION = HEP-EX/0110059;%%"
}

@article{Paschos:1972kj,
      author         = "Paschos, E. A. and Wolfenstein, L.",
      title          = "{Tests for Neutral Currents in Neutrino Reactions}",
      journal        = "Phys. Rev.",
      volume         = "D7",
      year           = "1973",
      pages          = "91-95",
      doi            = "10.1103/PhysRevD.7.91",
      reportNumber   = "FERMILAB-PUB-72-069-T, NAL-THY-69",
      SLACcitation   = "%%CITATION = PHRVA,D7,91;%%"
}

@article{Schienbein:2009kk,
      author         = "Schienbein, I. and Yu, J. Y. and Kovarik, K. and Keppel,
                        C. and Morfin, J. G. and Olness, F. and Owens, J. F.",
      title          = "{PDF Nuclear Corrections for Charged and Neutral Current
                        Processes}",
      journal        = "Phys. Rev.",
      volume         = "D80",
      year           = "2009",
      pages          = "094004",
      doi            = "10.1103/PhysRevD.80.094004",
      eprint         = "0907.2357",
      archivePrefix  = "arXiv",
      primaryClass   = "hep-ph",
      reportNumber   = "LPSC-09-081, SMU-HEP-09-13, FERMILAB-PUB-09-866-PPD",
      SLACcitation   = "%%CITATION = ARXIV:0907.2357;%%"
}

@article{Cloet:2012td,
      author         = "Cloet, I. C. and Bentz, W. and Thomas, A. W.",
      title          = "{Parity-violating DIS and the flavour dependence of the
                        EMC effect}",
      journal        = "Phys. Rev. Lett.",
      volume         = "109",
      year           = "2012",
      pages          = "182301",
      doi            = "10.1103/PhysRevLett.109.182301",
      eprint         = "1202.6401",
      archivePrefix  = "arXiv",
      primaryClass   = "nucl-th",
      SLACcitation   = "%%CITATION = ARXIV:1202.6401;%%"
}

@article{Patrignani:2016xqp,
      author         = "Patrignani, C. and others",
      title          = "{Review of Particle Physics}",
      collaboration  = "Particle Data Group",
      journal        = "Chin. Phys.",
      volume         = "C40",
      year           = "2016",
      number         = "10",
      pages          = "100001",
      doi            = "10.1088/1674-1137/40/10/100001",
      SLACcitation   = "%%CITATION = CHPHD,C40,100001;%%"
}
@article{Bodek:1983ec,
      author         = "Bodek, A. and others",
      title          = "{A Comparison of the Deep Inelastic Structure Functions
                        of Deuterium and Aluminum Nuclei}",
      journal        = "Phys. Rev. Lett.",
      volume         = "51",
      year           = "1983",
      pages          = "534",
      doi            = "10.1103/PhysRevLett.51.534",
      reportNumber   = "SLAC-PUB-3089, UR-846, COO-3065-353",
      SLACcitation   = "%%CITATION = PRLTA,51,534;%%"
}

@article{Thomas:2016bxx,
      author         = "Thomas, A. W.",
      title          = "{QCD and a New Paradigm for Nuclear Structure}",
      booktitle      = "{Proceedings, Heavy Ion Accelerator Symposium on
                        Fundamental and Applied Science (HIAS 2015): Canberra,
                        Australia, September 14-18, 2015}",
      journal        = "EPJ Web Conf.",
      volume         = "123",
      year           = "2016",
      pages          = "01003",
      doi            = "10.1051/epjconf/201612301003",
      eprint         = "1606.05956",
      archivePrefix  = "arXiv",
      primaryClass   = "nucl-th",
      reportNumber   = "ADP-16-26-T981",
      SLACcitation   = "%%CITATION = ARXIV:1606.05956;%%"
}

@article{Guichon:2018uew,
      author         = "Guichon, P. A. M. and Stone, J. R. and Thomas, A. W.",
      title          = "{QuarkâMeson-Coupling (QMC) model for finite nuclei,
                        nuclear matter and beyond}",
      journal        = "Prog. Part. Nucl. Phys.",
      volume         = "100",
      year           = "2018",
      pages          = "262-297",
      doi            = "10.1016/j.ppnp.2018.01.008",
      eprint         = "1802.08368",
      archivePrefix  = "arXiv",
      primaryClass   = "nucl-th",
      reportNumber   = "ADP-18-5/T1053, IRFU-18-03, ADP-18-5-T1053",
      SLACcitation   = "%%CITATION = ARXIV:1802.08368;%%"
}

@article{Stone:2017oqt,
      author         = "Stone, Jirina and Guichon, Pierre and Thomas, Anthony",
      title          = "{Superheavy Nuclei in the Quark-Meson-Coupling Model}",
      booktitle      = "{Proceedings, 7th International Conference on Heavy-Ion
                        Collisions at Near-Barrier Energies (FUSION17): Hobart,
                        Tasmania, Australia, February 20-24, 2017}",
      journal        = "EPJ Web Conf.",
      volume         = "163",
      year           = "2017",
      pages          = "00057",
      doi            = "10.1051/epjconf/201716300057",
      eprint         = "1706.01153",
      archivePrefix  = "arXiv",
      primaryClass   = "nucl-th",
      reportNumber   = "ADP-17-26-T1032",
      SLACcitation   = "%%CITATION = ARXIV:1706.01153;%%"
}

@article{Stone:2016qmi,
      author         = "Stone, J. R. and Guichon, P. A. M. and Reinhard, P. G.
                        and Thomas, A. W.",
      title          = "{Finite Nuclei in the Quark-Meson Coupling Model}",
      journal        = "Phys. Rev. Lett.",
      volume         = "116",
      year           = "2016",
      number         = "9",
      pages          = "092501",
      doi            = "10.1103/PhysRevLett.116.092501",
      eprint         = "1601.08131",
      archivePrefix  = "arXiv",
      primaryClass   = "nucl-th",
      reportNumber   = "ADP-16-7-T962",
      SLACcitation   = "%%CITATION = ARXIV:1601.08131;%%"
}

@article{Sick:1992pw,
      author         = "Sick, I. and Day, D.",
      title          = "{The EMC effect of nuclear matter}",
      journal        = "Phys. Lett.",
      volume         = "B274",
      year           = "1992",
      pages          = "16-20",
      doi            = "10.1016/0370-2693(92)90297-H",
      SLACcitation   = "%%CITATION = PHLTA,B274,16;%%"
}

@article{Cloet:2005rt,
      author         = "Cloet, I. C. and Bentz, Wolfgang and Thomas, Anthony
                        William",
      title          = "{Spin-dependent structure functions in nuclear matter and
                        the polarized EMC effect}",
      journal        = "Phys. Rev. Lett.",
      volume         = "95",
      year           = "2005",
      pages          = "052302",
      doi            = "10.1103/PhysRevLett.95.052302",
      eprint         = "nucl-th/0504019",
      archivePrefix  = "arXiv",
      primaryClass   = "nucl-th",
      reportNumber   = "ADP-05-06-T617, JLAB-THY-05-316",
      SLACcitation   = "%%CITATION = NUCL-TH/0504019;%%"
}


@article{Cloet:2006bq,
      author         = "Cloet, I. C. and Bentz, Wolfgang and Thomas, Anthony
                        William",
      title          = "{EMC and polarized EMC effects in nuclei}",
      journal        = "Phys. Lett.",
      volume         = "B642",
      year           = "2006",
      pages          = "210-217",
      doi            = "10.1016/j.physletb.2006.08.076",
      eprint         = "nucl-th/0605061",
      archivePrefix  = "arXiv",
      primaryClass   = "nucl-th",
      reportNumber   = "ADP-06-05-T636, JLAB-THY-06-496",
      SLACcitation   = "%%CITATION = NUCL-TH/0605061;%%"
}

@article{Thomas:1989vt,
      author         = "Thomas, Anthony William and Michels, A. and Schreiber,
                        Andreas W. and Guichon, Pierre A. M.",
      title          = "{A NEW APPROACH TO NUCLEAR STRUCTURE FUNCTIONS}",
      journal        = "Phys. Lett.",
      volume         = "B233",
      year           = "1989",
      pages          = "43-47",
      doi            = "10.1016/0370-2693(89)90612-6",
      SLACcitation   = "%%CITATION = PHLTA,B233,43;%%"
}


@article{Guichon:1995ue,
      author         = "Guichon, Pierre A. M. and Saito, Koichi and Rodionov,
                        Evgenii N. and Thomas, Anthony William",
      title          = "{The Role of nucleon structure in finite nuclei}",
      journal        = "Nucl. Phys.",
      volume         = "A601",
      year           = "1996",
      pages          = "349-379",
      doi            = "10.1016/0375-9474(96)00033-4",
      eprint         = "nucl-th/9509034",
      archivePrefix  = "arXiv",
      primaryClass   = "nucl-th",
      reportNumber   = "ADP-95-45-T-194, DAPNIA-SPHN-95-51",
      SLACcitation   = "%%CITATION = NUCL-TH/9509034;%%"
}

@article{Tronchin:2018mvu,
      author         = "Tronchin, Stephen and Matevosyan, Hrayr H. and Thomas,
                        Anthony W.",
      title          = "{Polarized EMC Effect in the QMC Model}",
      journal        = "Phys. Lett.",
      volume         = "B783",
      year           = "2018",
      pages          = "247-252",
      doi            = "10.1016/j.physletb.2018.06.065",
      eprint         = "1806.00481",
      archivePrefix  = "arXiv",
      primaryClass   = "nucl-th",
      reportNumber   = "ADP-18-14/T1062, ADP-18-14-T1062",
      SLACcitation   = "%%CITATION = ARXIV:1806.00481;%%"
}


@article{Alde:1990im,
      author         = "Alde, D. M. and others",
      title          = "{Nuclear dependence of dimuon production at 800-GeV.
                        FNAL-772 experiment}",
      journal        = "Phys. Rev. Lett.",
      volume         = "64",
      year           = "1990",
      pages          = "2479-2482",
      doi            = "10.1103/PhysRevLett.64.2479",
      SLACcitation   = "%%CITATION = PRLTA,64,2479;%%"
}

@article{Vasilev:1999fa,
      author         = "Vasilev, M. A. and others",
      title          = "{Parton energy loss limits and shadowing in Drell-Yan
                        dimuon production}",
      collaboration  = "NuSea",
      journal        = "Phys. Rev. Lett.",
      volume         = "83",
      year           = "1999",
      pages          = "2304-2307",
      doi            = "10.1103/PhysRevLett.83.2304",
      eprint         = "hep-ex/9906010",
      archivePrefix  = "arXiv",
      primaryClass   = "hep-ex",
      SLACcitation   = "%%CITATION = HEP-EX/9906010;%%"
}

@article{Badier:1981ci,
      author         = "Badier, J. and others",
      title          = "{Test of Nuclear Effects in Hadronic Dimuon Production}",
      booktitle      = "{1981 EPS International Conference on High-Energy Physics
                        Lisbon, Portugal, July 9-15, 1981}",
      collaboration  = "NA3",
      journal        = "Phys. Lett.",
      volume         = "104B",
      year           = "1981",
      pages          = "335",
      doi            = "10.1016/0370-2693(81)90137-4",
      note           = "[,807(1981)]",
      reportNumber   = "CERN-EP/81-63",
      SLACcitation   = "%%CITATION = PHLTA,104B,335;%%"
}



@article{Bordalo:1987cs,
      author         = "Bordalo, P. and others",
      title          = "{Nuclear Effects on the Nucleon Structure Functions in
                        Hadronic High Mass Dimuon Production}",
      collaboration  = "NA10",
      journal        = "Phys. Lett.",
      volume         = "B193",
      year           = "1987",
      pages          = "368",
      doi            = "10.1016/0370-2693(87)91253-6",
      reportNumber   = "CERN-EP-87-67",
      SLACcitation   = "%%CITATION = PHLTA,B193,368;%%"
}



@article{Dutta:2010pg,
      author         = "Dutta, D. and Peng, J. C. and Cloet, I. C. and Gaskell,
                        D.",
      title          = "{Pion-induced Drell-Yan processes and the
                        flavor-dependent EMC effect}",
      journal        = "Phys. Rev.",
      volume         = "C83",
      year           = "2011",
      pages          = "042201",
      doi            = "10.1103/PhysRevC.83.042201",
      eprint         = "1007.3916",
      archivePrefix  = "arXiv",
      primaryClass   = "nucl-ex",
      reportNumber   = "JLAB-PHY-10-1184",
      SLACcitation   = "%%CITATION = ARXIV:1007.3916;%%"
}

@article{Paakkinen:2016wxk,
      author         = "Paakkinen, Petja and Eskola, Kari J. and Paukkunen,
                        Hannu",
      title          = "{Applicability of pionânucleus DrellâYan data in
                        global analysis of nuclear parton distribution functions}",
      journal        = "Phys. Lett.",
      volume         = "B768",
      year           = "2017",
      pages          = "7-11",
      doi            = "10.1016/j.physletb.2017.02.009",
      eprint         = "1609.07262",
      archivePrefix  = "arXiv",
      primaryClass   = "nucl-th",
      SLACcitation   = "%%CITATION = ARXIV:1609.07262;%%"
}

@article{Cazaroto:2008qh,
      author         = "Cazaroto, E. R. and Carvalho, F. and Goncalves, V. P. and
                        Navarra, F. S.",
      title          = "{Constraining the nuclear gluon distribution in eA
                        processes at RHIC}",
      journal        = "Phys. Lett.",
      volume         = "B669",
      year           = "2008",
      pages          = "331-336",
      doi            = "10.1016/j.physletb.2008.09.064",
      eprint         = "0804.2507",
      archivePrefix  = "arXiv",
      primaryClass   = "hep-ph",
      SLACcitation   = "%%CITATION = ARXIV:0804.2507;%%"
}



@article{Vogt:1999dw,
      author         = "Vogt, R.",
      title          = "{The x(F) dependence of $\psi$ and Drell-Yan production}",
      journal        = "Phys. Rev.",
      volume         = "C61",
      year           = "2000",
      pages          = "035203",
      doi            = "10.1103/PhysRevC.61.035203",
      eprint         = "hep-ph/9907317",
      archivePrefix  = "arXiv",
      primaryClass   = "hep-ph",
      reportNumber   = "LBNL-42294, LBL-42294",
      SLACcitation   = "%%CITATION = HEP-PH/9907317;%%"
}

@article{Alexandrov:1999ch,
      author         = "Alexandrov, {\relax Yu}. and others",
      title          = "{Inclusive $J/\psi$ and $\psi^\prime$ production in
                        $\pi^{-}$ - nucleus interactions at $S^{(1/2)}$
                        approximately equals 26-GeV}",
      collaboration  = "BEATRICE",
      journal        = "Nucl. Phys.",
      volume         = "B557",
      year           = "1999",
      pages          = "3-21",
      doi            = "10.1016/S0550-3213(99)00412-5",
      reportNumber   = "CERN-EP-99-064, CERN-EP-99-64",
      SLACcitation   = "%%CITATION = NUPHA,B557,3;%%"
}


@article{Boeglin:2015cha,
      author         = "Boeglin, Werner and Sargsian, Misak",
      title          = "{Modern Studies of the Deuteron: from the Lab Frame to
                        the Light Front}",
      journal        = "Int. J. Mod. Phys.",
      volume         = "E24",
      year           = "2015",
      number         = "03",
      pages          = "1530003",
      doi            = "10.1142/S0218301315300039",
      eprint         = "1501.05377",
      archivePrefix  = "arXiv",
      primaryClass   = "nucl-ex",
      reportNumber   = "FIU-NUPAR-01-2015-1",
      SLACcitation   = "%%CITATION = ARXIV:1501.05377;%%"
}


@article{Cosyn:2017ekf,
      author         = "Cosyn, W. and Sargsian, M.",
      title          = "{Nuclear final-state interactions in deep inelastic
                        scattering off the lightest nuclei}",
      journal        = "Int. J. Mod. Phys.",
      volume         = "E26",
      year           = "2017",
      number         = "09",
      pages          = "1730004",
      doi            = "10.1142/S0218301317300041",
      eprint         = "1704.06117",
      archivePrefix  = "arXiv",
      primaryClass   = "nucl-th",
      SLACcitation   = "%%CITATION = ARXIV:1704.06117;%%"
}

@article{Frankfurt:1981mk,
      author         = "Frankfurt, L. L. and Strikman, M. I.",
      title          = "{High-Energy Phenomena, Short Range Nuclear Structure and
                        QCD}",
      journal        = "Phys. Rept.",
      volume         = "76",
      year           = "1981",
      pages          = "215-347",
      doi            = "10.1016/0370-1573(81)90129-0",
      SLACcitation   = "%%CITATION = PRPLC,76,215;%%"
}

@article{Sargsian:2005rm,
      author         = "Sargsian, Misak and Strikman, Mark",
      title          = "{Model independent method for determination of the DIS
                        structure of free neutron}",
      journal        = "Phys. Lett.",
      volume         = "B639",
      year           = "2006",
      pages          = "223-231",
      doi            = "10.1016/j.physletb.2006.05.091",
      eprint         = "hep-ph/0511054",
      archivePrefix  = "arXiv",
      primaryClass   = "hep-ph",
      reportNumber   = "FIU-NUPAR-110405",
      SLACcitation   = "%%CITATION = HEP-PH/0511054;%%"
}

@article{Klimenko:2005zz,
      author         = "Klimenko, A. V. and others",
      title          = "{Electron scattering from high-momentum neutrons in
                        deuterium}",
      collaboration  = "CLAS",
      journal        = "Phys. Rev.",
      volume         = "C73",
      year           = "2006",
      pages          = "035212",
      doi            = "10.1103/PhysRevC.73.035212",
      eprint         = "nucl-ex/0510032",
      archivePrefix  = "arXiv",
      primaryClass   = "nucl-ex",
      reportNumber   = "DAPNIA-06-37, JLAB-PHY-05-32",
      SLACcitation   = "%%CITATION = NUCL-EX/0510032;%%"
}

@article{Baillie:2011za,
      author         = "Baillie, N. and others",
      title          = "{Measurement of the neutron F2 structure function via
                        spectator tagging with CLAS}",
      collaboration  = "CLAS",
      journal        = "Phys. Rev. Lett.",
      volume         = "108",
      year           = "2012",
      pages          = "142001",
      doi            = "10.1103/PhysRevLett.108.199902,
                        10.1103/PhysRevLett.108.142001",
      note           = "[Erratum: Phys. Rev. Lett.108,199902(2012)]",
      eprint         = "1110.2770",
      archivePrefix  = "arXiv",
      primaryClass   = "nucl-ex",
      reportNumber   = "JLAB-PHY-11-1427",
      SLACcitation   = "%%CITATION = ARXIV:1110.2770;%%"
}

@article{Guzey:2014jva,
      author         = "Guzey, V. and Higinbotham, D. and Hyde, Ch. and
                        Nadel-Turonski, P. and Park, K. and Sargsian, M. and
                        Strikman, M. and Weiss, C.",
      title          = "{Polarized light ions and spectator nucleon tagging at
                        EIC}",
      booktitle      = "{Proceedings, 22nd International Workshop on
                        Deep-Inelastic Scattering and Related Subjects (DIS 2014):
                        Warsaw, Poland, April 28-May 2, 2014}",
      journal        = "PoS",
      volume         = "DIS2014",
      year           = "2014",
      pages          = "234",
      doi            = "10.22323/1.203.0234",
      eprint         = "1407.3236",
      archivePrefix  = "arXiv",
      primaryClass   = "hep-ph",
      reportNumber   = "JLAB-THY-14-1913",
      SLACcitation   = "%%CITATION = ARXIV:1407.3236;%%"
}

@article{Cosyn:2016oiq,
      author         = "Cosyn, W. and Guzey, V. and Sargsian, M. and Strikman, M.
                        and Weiss, C.",
      title          = "{Electronâdeuteron DIS with spectator tagging at EIC:
                        Development of theoretical framework}",
      booktitle      = "{Proceedings, 6th International Conference on Physics
                        Opportunities at an ElecTron-Ion Collider (POETIC 2015):
                        Palaiseau, France, September 7-11, 2015}",
      journal        = "EPJ Web Conf.",
      volume         = "112",
      year           = "2016",
      pages          = "01022",
      doi            = "10.1051/epjconf/201611201022",
      eprint         = "1601.06665",
      archivePrefix  = "arXiv",
      primaryClass   = "hep-ph",
      reportNumber   = "JLAB-THY-16-2201",
      SLACcitation   = "%%CITATION = ARXIV:1601.06665;%%"
}

@article{Strikman:2017koc,
      author         = "Strikman, M. and Weiss, C.",
      title          = "{Electron-deuteron deep-inelastic scattering with
                        spectator nucleon tagging and final-state interactions at
                        intermediate x}",
      journal        = "Phys. Rev.",
      volume         = "C97",
      year           = "2018",
      number         = "3",
      pages          = "035209",
      doi            = "10.1103/PhysRevC.97.035209",
      eprint         = "1706.02244",
      archivePrefix  = "arXiv",
      primaryClass   = "hep-ph",
      reportNumber   = "JLAB-THY-17-2488",
      SLACcitation   = "%%CITATION = ARXIV:1706.02244;%%"
}

@article{Hoodbhoy:1988am,
      author         = "Hoodbhoy, Pervez and Jaffe, R. L. and Manohar, Aneesh",
      title          = "{Novel Effects in Deep Inelastic Scattering from Spin 1
                        Hadrons}",
      journal        = "Nucl. Phys.",
      volume         = "B312",
      year           = "1989",
      pages          = "571-588",
      doi            = "10.1016/0550-3213(89)90572-5",
      reportNumber   = "MIT-CTP-1608",
      SLACcitation   = "%%CITATION = NUPHA,B312,571;%%"
}

@article{Airapetian:2005cb,
      author         = "Airapetian, A. and others",
      title          = "{First measurement of the tensor structure function b(1)
                        of the deuteron}",
      collaboration  = "HERMES",
      journal        = "Phys. Rev. Lett.",
      volume         = "95",
      year           = "2005",
      pages          = "242001",
      doi            = "10.1103/PhysRevLett.95.242001",
      eprint         = "hep-ex/0506018",
      archivePrefix  = "arXiv",
      primaryClass   = "hep-ex",
      reportNumber   = "DESY-05-077",
      SLACcitation   = "%%CITATION = HEP-EX/0506018;%%"
}

@article{Slifer:2013vma,
      author         = "Slifer, Karl and Long, Elena",
      title          = "{Novel Physics with tensor polarized deuteron targets}",
      booktitle      = "{Proceedings, 15th International Workshop on Polarized
                        Sources, Targets, and Polarimetry (PSTP 2013):
                        Charlottesville, VA, USA, September 9-13, 2013}",
      journal        = "PoS",
      volume         = "PSTP2013",
      year           = "2013",
      pages          = "008",
      doi            = "10.22323/1.182.0008",
      eprint         = "1311.4835",
      archivePrefix  = "arXiv",
      primaryClass   = "nucl-ex",
      SLACcitation   = "%%CITATION = ARXIV:1311.4835;%%"
}

@article{Cosyn:2017fbo,
      author         = "Cosyn, W. and Dong, Yu-Bing and Kumano, S. and Sargsian,
                        M.",
      title          = "{Tensor-polarized structure function $b_1$ in standard
                        convolution description of deuteron}",
      journal        = "Phys. Rev.",
      volume         = "D95",
      year           = "2017",
      number         = "7",
      pages          = "074036",
      doi            = "10.1103/PhysRevD.95.074036",
      eprint         = "1702.05337",
      archivePrefix  = "arXiv",
      primaryClass   = "hep-ph",
      reportNumber   = "KEK-TH-1912, J-PARC-TH-0054",
      SLACcitation   = "%%CITATION = ARXIV:1702.05337;%%"
}

@article{Miller:2013hla,
      author         = "Miller, Gerald A.",
      title          = "{Pionic and Hidden-Color, Six-Quark Contributions to the
                        Deuteron b1 Structure Function}",
      journal        = "Phys. Rev.",
      volume         = "C89",
      year           = "2014",
      number         = "4",
      pages          = "045203",
      doi            = "10.1103/PhysRevC.89.045203",
      eprint         = "1311.4561",
      archivePrefix  = "arXiv",
      primaryClass   = "nucl-th",
      reportNumber   = "NT@UW-13-28",
      SLACcitation   = "%%CITATION = ARXIV:1311.4561;%%"
}

@article{PhysRevC.95.014001,
  title = {Light-front spin-dependent spectral function and nucleon momentum distributions for a three-body system},
  author = {Del Dotto, Alessio and Pace, Emanuele and Salm\`e, Giovanni and Scopetta, Sergio},
  journal = {Phys. Rev. C},
  volume = {95},
  issue = {1},
  pages = {014001},
  numpages = {22},
  year = {2017},
  month = {Jan},
  publisher = {American Physical Society},
  doi = {10.1103/PhysRevC.95.014001},
  url = {https://link.aps.org/doi/10.1103/PhysRevC.95.014001}
}
@article{Pace:2013bq,
      author         = "Pace, Emanuele and Salme, Giovanni and Scopetta, Sergio
                        and Del Dotto, Alessio and Rinaldi, Matteo",
      title          = "{Neutron Transverse-Momentum Distributions and Polarized
                        $^{3}He$ within Light-Front Hamiltonian Dynamics}",
      booktitle      = "{Proceedings, 20th International IUPAP Conference on
                        Few-Body Problems in Physics (FB20): Fukuoka, Japan,
                        August 20-25, 2012}",
      journal        = "Few Body Syst.",
      volume         = "54",
      year           = "2013",
      pages          = "1079-1082",
      doi            = "10.1007/s00601-013-0679-0",
      eprint         = "1301.5787",
      archivePrefix  = "arXiv",
      primaryClass   = "hep-ph",
      SLACcitation   = "%%CITATION = ARXIV:1301.5787;%%"
}

@article{Scopetta:2014yoa,
      author         = "Scopetta, Sergio and Del Dotto, Alessio and Kaptari,
                        Leonid and Pace, Emanuele and Rinaldi, Matteo and SalmÃ¨,
                        Giovanni",
      title          = "{A Light-Front Approach to the$^{3}$He Spectral
                        Function}",
      booktitle      = "{Proceedings, Theory and Experiment for Hadrons on the
                        Light-Front (Light Cone 2014): Raleigh, North Carolina,
                        USA, May 26-30, 2014}",
      journal        = "Few Body Syst.",
      volume         = "56",
      year           = "2015",
      number         = "6-9",
      pages          = "425-430",
      doi            = "10.1007/s00601-014-0935-y",
      eprint         = "1411.7559",
      archivePrefix  = "arXiv",
      primaryClass   = "nucl-th",
      SLACcitation   = "%%CITATION = ARXIV:1411.7559;%%"
}

@article{Pace:2016eiq,
      author         = "Pace, Emanuele and Del Dotto, Alessio and Kaptari, Leonid
                        and Rinaldi, Matteo and SalmÃ©, Giovanni and Scopetta,
                        Sergio",
      title          = "{Light-Front Dynamics and the ${{^{3}He}}$ Spectral
                        Function}",
      booktitle      = "{Proceedings, Theory and Experiment for Hadrons on the
                        Light-Front (Light Cone 2015): Frascati , Italy, September
                        21-25, 2015}",
      journal        = "Few Body Syst.",
      volume         = "57",
      year           = "2016",
      number         = "7",
      pages          = "601-606",
      doi            = "10.1007/s00601-016-1067-3",
      eprint         = "1602.06521",
      archivePrefix  = "arXiv",
      primaryClass   = "nucl-th",
      SLACcitation   = "%%CITATION = ARXIV:1602.06521;%%"
}

@article{Dirac:1949cp,
      author         = "Dirac, Paul A. M.",
      title          = "{Forms of Relativistic Dynamics}",
      journal        = "Rev. Mod. Phys.",
      volume         = "21",
      year           = "1949",
      pages          = "392-399",
      doi            = "10.1103/RevModPhys.21.392",
      SLACcitation   = "%%CITATION = RMPHA,21,392;%%"
}

@article{Keister:1991sb,
      author         = "Keister, B. D. and Polyzou, W. N.",
      title          = "{Relativistic Hamiltonian dynamics in nuclear and
                        particle physics}",
      journal        = "Adv. Nucl. Phys.",
      volume         = "20",
      year           = "1991",
      pages          = "225-479",
      note           = "[,225(1991)]",
      SLACcitation   = "%%CITATION = ANUPB,20,225;%%"
}


@article{Bakamjian:1953kh,
      author         = "Bakamjian, B. and Thomas, L. H.",
      title          = "{Relativistic particle dynamics. 2}",
      journal        = "Phys. Rev.",
      volume         = "92",
      year           = "1953",
      pages          = "1300-1310",
      doi            = "10.1103/PhysRev.92.1300",
      SLACcitation   = "%%CITATION = PHRVA,92,1300;%%"
}

@article{Kievsky:1997bg,
      author         = "Kievsky, A. and Viviani, M. and Rosati, S.",
      title          = "{Study of bound and scattering states of three nucleon
                        systems}",
      booktitle      = "{Spin - isospin responses and weak processes in hadrons
                        and nuclei. Proceedings, International Symposium, Osaka,
                        Japan, March 8-10, 1994}",
      journal        = "Nucl. Phys.",
      volume         = "A577",
      year           = "1994",
      pages          = "511-527",
      doi            = "10.1016/0375-9474(94)90931-8",
      eprint         = "nucl-th/9706067",
      archivePrefix  = "arXiv",
      primaryClass   = "nucl-th",
      SLACcitation   = "%%CITATION = NUCL-TH/9706067;%%"
}

@article{Oelfke:1990uy,
      author         = "Oelfke, U. and Sauer, P. U. and Coester, F.",
      title          = "{Convolution models of deep inelastic scattering: The
                        Three nucleon bound states as a test case}",
      journal        = "Nucl. Phys.",
      volume         = "A518",
      year           = "1990",
      pages          = "593-616",
      doi            = "10.1016/0375-9474(90)90181-K",
      SLACcitation   = "%%CITATION = NUPHA,A518,593;%%"
}


@article{Dupre:2015jha,
      author         = "DuprÃ©, R. and Scopetta, S.",
      title          = "{3D Structure and Nuclear Targets}",
      journal        = "Eur. Phys. J.",
      volume         = "A52",
      year           = "2016",
      number         = "6",
      pages          = "159",
      doi            = "10.1140/epja/i2016-16159-1",
      eprint         = "1510.00794",
      archivePrefix  = "arXiv",
      primaryClass   = "nucl-ex",
      SLACcitation   = "%%CITATION = ARXIV:1510.00794;%%"
}

@article{Berger:2001zb,
      author         = "Berger, Edgar R. and Cano, F. and Diehl, M. and Pire, B.",
      title          = "{Generalized parton distributions in the deuteron}",
      journal        = "Phys. Rev. Lett.",
      volume         = "87",
      year           = "2001",
      pages          = "142302",
      doi            = "10.1103/PhysRevLett.87.142302",
      eprint         = "hep-ph/0106192",
      archivePrefix  = "arXiv",
      primaryClass   = "hep-ph",
      reportNumber   = "CPHT-S029-0601, DESY-01-082",
      SLACcitation   = "%%CITATION = HEP-PH/0106192;%%"
}

@article{PhysRevC.98.015203,
  title = {Coherent deeply virtual Compton scattering off $^{4}\mathrm{He}$},
  author = {Fucini, Sara and Scopetta, Sergio and Viviani, Michele},
  journal = {Phys. Rev. C},
  volume = {98},
  issue = {1},
  pages = {015203},
  numpages = {8},
  year = {2018},
  month = {Jul},
  publisher = {American Physical Society},
  doi = {10.1103/PhysRevC.98.015203},
  url = {https://link.aps.org/doi/10.1103/PhysRevC.98.015203}
}
@article{Hattawy:2017woc,
      author         = "Hattawy, M. and others",
      title          = "{First Exclusive Measurement of Deeply Virtual Compton
                        Scattering off $^4$He: Toward the 3D Tomography of
                        Nuclei}",
      collaboration  = "CLAS",
      journal        = "Phys. Rev. Lett.",
      volume         = "119",
      year           = "2017",
      number         = "20",
      pages          = "202004",
      doi            = "10.1103/PhysRevLett.119.202004",
      eprint         = "1707.03361",
      archivePrefix  = "arXiv",
      primaryClass   = "nucl-ex",
      reportNumber   = "JLAB-PHY-17-2543",
      SLACcitation   = "%%CITATION = ARXIV:1707.03361;%%"
}

@article{Scopetta:2009sn,
      author         = "Scopetta, S.",
      title          = "{Conventional nuclear effects on generalized parton
                        distributions of trinucleons}",
      journal        = "Phys. Rev.",
      volume         = "C79",
      year           = "2009",
      pages          = "025207",
      doi            = "10.1103/PhysRevC.79.025207",
      eprint         = "0901.3058",
      archivePrefix  = "arXiv",
      primaryClass   = "nucl-th",
      SLACcitation   = "%%CITATION = ARXIV:0901.3058;%%"
}

@article{Armstrong:2017wfw,
      author         = "Armstrong, Whitney and others",
      title          = "{Partonic Structure of Light Nuclei}",
      year           = "2017",
      eprint         = "1708.00888",
      archivePrefix  = "arXiv",
      primaryClass   = "nucl-ex",
      SLACcitation   = "%%CITATION = ARXIV:1708.00888;%%"
}

@article{Armstrong:2017zcm,
      author         = "Armstrong, Whitney R. and others",
      title          = "{Spectator-Tagged Deeply Virtual Compton Scattering on
                        Light Nuclei}",
      year           = "2017",
      eprint         = "1708.00835",
      archivePrefix  = "arXiv",
      primaryClass   = "nucl-ex",
      SLACcitation   = "%%CITATION = ARXIV:1708.00835;%%"
}

@article{Armstrong:2017zqr,
      author         = "Armstrong, Whitney and others",
      title          = "{Tagged EMC Measurements on Light Nuclei}",
      year           = "2017",
      eprint         = "1708.00891",
      archivePrefix  = "arXiv",
      primaryClass   = "nucl-ex",
      SLACcitation   = "%%CITATION = ARXIV:1708.00891;%%"
}

@article{Rinaldi:2012pj,
      author         = "Rinaldi, M. and Scopetta, S.",
      title          = "{Neutron orbital structure from generalized parton
                        distributions of 3He}",
      journal        = "Phys. Rev.",
      volume         = "C85",
      year           = "2012",
      pages          = "062201",
      doi            = "10.1103/PhysRevC.85.062201",
      eprint         = "1204.0723",
      archivePrefix  = "arXiv",
      primaryClass   = "nucl-th",
      SLACcitation   = "%%CITATION = ARXIV:1204.0723;%%"
}

@article{Rinaldi:2012ft,
      author         = "Rinaldi, M. and Scopetta, S.",
      title          = "{Extracting  generalized neutron parton distributions
                        from $^3He$ data}",
      journal        = "Phys. Rev.",
      volume         = "C87",
      year           = "2013",
      number         = "3",
      pages          = "035208",
      doi            = "10.1103/PhysRevC.87.035208",
      eprint         = "1208.2831",
      archivePrefix  = "arXiv",
      primaryClass   = "nucl-th",
      SLACcitation   = "%%CITATION = ARXIV:1208.2831;%%"
}



@article{Rinaldi:2014bba,
      author         = "Rinaldi, Matteo and Scopetta, Sergio",
      title          = "{Theoretical description of deeply virtual Compton
                        scattering off $^3$He}",
      booktitle      = "{Proceedings, 22nd European Conference on Few-Body
                        Problems in Physics (EFB22): Cracow, Poland, September
                        9-13, 2013}",
      journal        = "Few Body Syst.",
      volume         = "55",
      year           = "2014",
      pages          = "861-864",
      doi            = "10.1007/s00601-014-0803-9",
      eprint         = "1401.1350",
      archivePrefix  = "arXiv",
      primaryClass   = "nucl-th",
      SLACcitation   = "%%CITATION = ARXIV:1401.1350;%%"
}


@article{Scopetta:2004kj,
      author         = "Scopetta, Sergio",
      title          = "{Generalized parton distributions of He-3}",
      journal        = "Phys. Rev.",
      volume         = "C70",
      year           = "2004",
      pages          = "015205",
      doi            = "10.1103/PhysRevC.70.015205",
      eprint         = "nucl-th/0404014",
      archivePrefix  = "arXiv",
      primaryClass   = "nucl-th",
      SLACcitation   = "%%CITATION = NUCL-TH/0404014;%%"
}

@article{Guzey:2003jh,
      author         = "Guzey, V. and Strikman, M.",
      title          = "{DVCS on spinless nuclear targets in impulse
                        approximation}",
      journal        = "Phys. Rev.",
      volume         = "C68",
      year           = "2003",
      pages          = "015204",
      doi            = "10.1103/PhysRevC.68.015204",
      eprint         = "hep-ph/0301216",
      archivePrefix  = "arXiv",
      primaryClass   = "hep-ph",
      reportNumber   = "RUB-TP2-19-03",
      SLACcitation   = "%%CITATION = HEP-PH/0301216;%%"
}

@article{Liuti:2005gi,
      author         = "Liuti, S. and Taneja, S. K.",
      title          = "{Microscopic description of deeply virtual Compton
                        scattering off spin-0 nuclei}",
      journal        = "Phys. Rev.",
      volume         = "C72",
      year           = "2005",
      pages          = "032201",
      doi            = "10.1103/PhysRevC.72.032201",
      eprint         = "hep-ph/0505123",
      archivePrefix  = "arXiv",
      primaryClass   = "hep-ph",
      SLACcitation   = "%%CITATION = HEP-PH/0505123;%%"
}

@article{PhysRevC.67.034003,
  title = {Gersch-Rodriguez-Smith computation of deep inelastic electron scattering on ${}^{4}\mathrm{He}$},
  author = {Viviani, M. and Kievsky, A. and Rinat, A. S.},
  journal = {Phys. Rev. C},
  volume = {67},
  issue = {3},
  pages = {034003},
  numpages = {11},
  year = {2003},
  month = {Mar},
  publisher = {American Physical Society},
  doi = {10.1103/PhysRevC.67.034003},
  url = {https://link.aps.org/doi/10.1103/PhysRevC.67.034003}
}


@article{Goloskokov:2011rd,
      author         = "Goloskokov, S. V. and Kroll, P.",
      title          = "{Transversity in hard exclusive electroproduction of
                        pseudoscalar mesons}",
      journal        = "Eur. Phys. J.",
      volume         = "A47",
      year           = "2011",
      pages          = "112",
      doi            = "10.1140/epja/i2011-11112-6",
      eprint         = "1106.4897",
      archivePrefix  = "arXiv",
      primaryClass   = "hep-ph",
      reportNumber   = "WU-B-11-06",
      SLACcitation   = "%%CITATION = ARXIV:1106.4897;%%"
}
@article{Accardi:2012qut,
      author         = "Accardi, A. and others",
      editor         = "Deshpande, A. and Meziani, Z. E. and Qiu, J. W.",
      title          = "{Electron Ion Collider: The Next QCD Frontier}",
      journal        = "Eur. Phys. J.",
      volume         = "A52",
      year           = "2016",
      number         = "9",
      pages          = "268",
      doi            = "10.1140/epja/i2016-16268-9",
      eprint         = "1212.1701",
      archivePrefix  = "arXiv",
      primaryClass   = "nucl-ex",
      reportNumber   = "BNL-98815-2012-JA, JLAB-PHY-12-1652",
      SLACcitation   = "%%CITATION = ARXIV:1212.1701;%%"
}


@article{Egiyan:2003vg,
      author         = "Egiyan, K. S. and others",
      title          = "{Observation of nuclear scaling in the A(e, e-prime)
                        reaction at x(B) greater than 1}",
      collaboration  = "CLAS",
      journal        = "Phys. Rev.",
      volume         = "C68",
      year           = "2003",
      pages          = "014313",
      doi            = "10.1103/PhysRevC.68.014313",
      eprint         = "nucl-ex/0301008",
      archivePrefix  = "arXiv",
      primaryClass   = "nucl-ex",
      reportNumber   = "JLAB-PHY-03-48",
      SLACcitation   = "%%CITATION = NUCL-EX/0301008;%%"
}
@article{Fomin:2011ng,
      author         = "Fomin, N. and others",
      title          = "{New measurements of high-momentum nucleons and
                        short-range structures in nuclei}",
      journal        = "Phys. Rev. Lett.",
      volume         = "108",
      year           = "2012",
      pages          = "092502",
      doi            = "10.1103/PhysRevLett.108.092502",
      eprint         = "1107.3583",
      archivePrefix  = "arXiv",
      primaryClass   = "nucl-ex",
      reportNumber   = "JLAB-PHY-11-1408",
      SLACcitation   = "%%CITATION = ARXIV:1107.3583;%%"
}

@article{PhysRevC.86.065204,
  title = {Detailed study of the nuclear dependence of the EMC effect and short-range correlations},
  author = {Arrington, J. and Daniel, A. and Day, D. B. and Fomin, N. and Gaskell, D. and Solvignon, P.},
  journal = {Phys. Rev. C},
  volume = {86},
  issue = {6},
  pages = {065204},
  numpages = {13},
  year = {2012},
  month = {Dec},
  publisher = {American Physical Society},
  doi = {10.1103/PhysRevC.86.065204},
  url = {https://link.aps.org/doi/10.1103/PhysRevC.86.065204}
}
@article{PhysRevC.97.065204,
  title = {Search for three-nucleon short-range correlations in light nuclei},
  author = {Ye, Z. and others},
  collaboration = {The Jefferson Lab Hall A Collaboration},
  journal = {Phys. Rev. C},
  volume = {97},
  issue = {6},
  pages = {065204},
  numpages = {5},
  year = {2018},
  month = {Jun},
  publisher = {American Physical Society},
  doi = {10.1103/PhysRevC.97.065204},
  url = {https://link.aps.org/doi/10.1103/PhysRevC.97.065204}
}

@article{PhysRevLett.96.082501,
  title = {Measurement of Two- and Three-Nucleon Short-Range Correlation Probabilities in Nuclei},
  author = {Egiyan, K.S. and others},
  collaboration = {CLAS Collaboration},
  journal = {Phys. Rev. Lett.},
  volume = {96},
  issue = {8},
  pages = {082501},
  numpages = {6},
  year = {2006},
  month = {Mar},
  publisher = {American Physical Society},
  doi = {10.1103/PhysRevLett.96.082501},
  url = {https://link.aps.org/doi/10.1103/PhysRevLett.96.082501}
}

@article{Fomin:2017ydn,
      author         = "Fomin, Nadia and Higinbotham, Douglas and Sargsian, Misak
                        and Solvignon, Patricia",
      title          = "{New Results on Short-Range Correlations in Nuclei}",
      journal        = "Ann. Rev. Nucl. Part. Sci.",
      volume         = "67",
      year           = "2017",
      pages          = "129-159",
      doi            = "10.1146/annurev-nucl-102115-044939",
      eprint         = "1708.08581",
      archivePrefix  = "arXiv",
      primaryClass   = "nucl-th",
      reportNumber   = "NUPAR-08-2017-1",
      SLACcitation   = "%%CITATION = ARXIV:1708.08581;%%"
}



@article{Shneor:2007tu,
      author         = "Shneor, R. and others",
      title          = "{Investigation of proton-proton short-range correlations
                        via the C-12(e, e-prime pp) reaction}",
      collaboration  = "Jefferson Lab Hall A",
      journal        = "Phys. Rev. Lett.",
      volume         = "99",
      year           = "2007",
      pages          = "072501",
      doi            = "10.1103/PhysRevLett.99.072501",
      eprint         = "nucl-ex/0703023",
      archivePrefix  = "arXiv",
      primaryClass   = "nucl-ex",
      reportNumber   = "JLAB-PHY-07-624",
      SLACcitation   = "%%CITATION = NUCL-EX/0703023;%%"
}

@article{Schiavilla:2006xx,
      author         = "Schiavilla, R. and Wiringa, Robert B. and Pieper, Steven
                        C. and Carlson, J.",
      title          = "{Tensor Forces and the Ground-State Structure of Nuclei}",
      journal        = "Phys. Rev. Lett.",
      volume         = "98",
      year           = "2007",
      pages          = "132501",
      doi            = "10.1103/PhysRevLett.98.132501",
      eprint         = "nucl-th/0611037",
      archivePrefix  = "arXiv",
      primaryClass   = "nucl-th",
      reportNumber   = "JLAB-THY-06-562",
      SLACcitation   = "%%CITATION = NUCL-TH/0611037;%%"
}


@article{Korover:2014dma,
      author         = "Korover, I. and others",
      title          = "{Probing the Repulsive Core of the Nucleon-Nucleon
                        Interaction via the $^4He(e,eâ²pN)$ Triple-Coincidence
                        Reaction}",
      collaboration  = "Lab Hall A",
      journal        = "Phys. Rev. Lett.",
      volume         = "113",
      year           = "2014",
      number         = "2",
      pages          = "022501",
      doi            = "10.1103/PhysRevLett.113.022501",
      eprint         = "1401.6138",
      archivePrefix  = "arXiv",
      primaryClass   = "nucl-ex",
      reportNumber   = "JLAB-PHY-14-1862",
      SLACcitation   = "%%CITATION = ARXIV:1401.6138;%%"
}

@article{Benhar:2006wy,
      author         = "Benhar, Omar and day, Donal and Sick, Ingo",
      title          = "{Inclusive quasi-elastic electron-nucleus scattering}",
      journal        = "Rev. Mod. Phys.",
      volume         = "80",
      year           = "2008",
      pages          = "189-224",
      doi            = "10.1103/RevModPhys.80.189",
      eprint         = "nucl-ex/0603029",
      archivePrefix  = "arXiv",
      primaryClass   = "nucl-ex",
      SLACcitation   = "%%CITATION = NUCL-EX/0603029;%%"
}

@article{Strauch:2002wu,
      author         = "Strauch, S. and others",
      title          = "{Polarization transfer in the He-4 (polarized-e, e-prime
                        polarized-p) H-3 reaction up to Q**2 = 2.6-(GeV/c)**2}",
      collaboration  = "Jefferson Lab E93-049",
      journal        = "Phys. Rev. Lett.",
      volume         = "91",
      year           = "2003",
      pages          = "052301",
      doi            = "10.1103/PhysRevLett.91.052301",
      eprint         = "nucl-ex/0211022",
      archivePrefix  = "arXiv",
      primaryClass   = "nucl-ex",
      reportNumber   = "JLAB-PHY-02-44",
      SLACcitation   = "%%CITATION = NUCL-EX/0211022;%%"
}

@article{CiofidegliAtti:2003pb,
      author         = "Ciofi degli Atti, Claudio and Kaptari, L. P. and
                        Kopeliovich, B. Z.",
      title          = "{Final state interaction effects in semiinclusive DIS off
                        the deuteron}",
      journal        = "Eur. Phys. J.",
      volume         = "A19",
      year           = "2004",
      pages          = "145-151",
      doi            = "10.1140/epja/i2003-10117-0",
      eprint         = "nucl-th/0307052",
      archivePrefix  = "arXiv",
      primaryClass   = "nucl-th",
      SLACcitation   = "%%CITATION = NUCL-TH/0307052;%%"
}

@article{Alvioli:2006jd,
      author         = "Alvioli, M. and Ciofi degli Atti, C. and Palli, V.",
      title          = "{Slow proton production in semi-inclusive DIS off nuclei:
                        The Role of final state interaction}",
      booktitle      = "{Perspectives in hadronic physics. Proceedings, 5th
                        International Conference on perspectives in hadronic
                        physics, particle-nucleus and nucleus-nucleus scattering
                        at relativistic energies, Trieste, Italy, May 22-26,
                        2006}",
      journal        = "Nucl. Phys.",
      volume         = "A782",
      year           = "2007",
      pages          = "175-178",
      doi            = "10.1016/j.nuclphysa.2006.10.054",
      eprint         = "nucl-th/0609030",
      archivePrefix  = "arXiv",
      primaryClass   = "nucl-th",
      SLACcitation   = "%%CITATION = NUCL-TH/0609030;%%"
}

@article{CiofidegliAtti:2007ork,
      author         = "Ciofi degli Atti, C. and Frankfurt, L. L. and Kaptari, L.
                        P. and Strikman, M. I.",
      title          = "{On the dependence of the wave function of a bound
                        nucleon on its momentum and the EMC effect}",
      journal        = "Phys. Rev.",
      volume         = "C76",
      year           = "2007",
      pages          = "055206",
      doi            = "10.1103/PhysRevC.76.055206",
      eprint         = "0706.2937",
      archivePrefix  = "arXiv",
      primaryClass   = "nucl-th",
      SLACcitation   = "%%CITATION = ARXIV:0706.2937;%%"
}

@article{ATLAS:2014cpa,
      author         = "Aad, Georges and others",
      title          = "{Centrality and rapidity dependence of inclusive jet
                        production in $\sqrt{s_\mathrm{NN}} = 5.02$ TeV
                        proton-lead collisions with the ATLAS detector}",
      collaboration  = "ATLAS",
      journal        = "Phys. Lett.",
      volume         = "B748",
      year           = "2015",
      pages          = "392-413",
      doi            = "10.1016/j.physletb.2015.07.023",
      eprint         = "1412.4092",
      archivePrefix  = "arXiv",
      primaryClass   = "hep-ex",
      reportNumber   = "CERN-PH-EP-2014-275",
      SLACcitation   = "%%CITATION = ARXIV:1412.4092;%%"
}

@article{Chatrchyan:2014hqa,
      author         = "Chatrchyan, Serguei and others",
      title          = "{Studies of dijet transverse momentum balance and
                        pseudorapidity distributions in pPb collisions at
                        $\sqrt{s_{\mathrm{NN}}} = 5.02$ $\,\text {TeV}$}",
      collaboration  = "CMS",
      journal        = "Eur. Phys. J.",
      volume         = "C74",
      year           = "2014",
      number         = "7",
      pages          = "2951",
      doi            = "10.1140/epjc/s10052-014-2951-y",
      eprint         = "1401.4433",
      archivePrefix  = "arXiv",
      primaryClass   = "nucl-ex",
      reportNumber   = "CMS-HIN-13-001, CERN-PH-EP-2013-236",
      SLACcitation   = "%%CITATION = ARXIV:1401.4433;%%"
}

@article{Accardi:2016qay,
      author         = "Accardi, A. and Brady, L. T. and Melnitchouk, W. and
                        Owens, J. F. and Sato, N.",
      title          = "{Constraints on large-$x$ parton distributions from new
                        weak boson production and deep-inelastic scattering data}",
      journal        = "Phys. Rev.",
      volume         = "D93",
      year           = "2016",
      number         = "11",
      pages          = "114017",
      doi            = "10.1103/PhysRevD.93.114017",
      eprint         = "1602.03154",
      archivePrefix  = "arXiv",
      primaryClass   = "hep-ph",
      reportNumber   = "JLAB-THY-16-2215",
      SLACcitation   = "%%CITATION = ARXIV:1602.03154;%%"
}

@article{D0:2014kma,
      author         = "Abazov, Victor Mukhamedovich and others",
      title          = "{Measurement of the electron charge asymmetry in
                        $\boldsymbol{p\bar{p}\rightarrow W+X \rightarrow e\nu +X}$
                        decays in $\boldsymbol{p\bar{p}}$ collisions at
                        $\boldsymbol{\sqrt{s}=1.96}$ TeV}",
      collaboration  = "D0",
      journal        = "Phys. Rev.",
      volume         = "D91",
      year           = "2015",
      number         = "3",
      pages          = "032007",
      doi            = "10.1103/PhysRevD.91.032007, 10.1103/PhysRevD.91.079901",
      note           = "[Erratum: Phys. Rev.D91,no.7,079901(2015)]",
      eprint         = "1412.2862",
      archivePrefix  = "arXiv",
      primaryClass   = "hep-ex",
      reportNumber   = "FERMILAB-PUB-14-514-E",
      SLACcitation   = "%%CITATION = ARXIV:1412.2862;%%"
}

@article{Abazov:2013dsa,
      author         = "Abazov, Victor Mukhamedovich and others",
      title          = "{Measurement of the W Boson Production Charge Asymmetry
                        in $p\bar{p}\rightarrow W+X \rightarrow e\nu +X$ Events at
                        $\sqrt{s}=1.96$ TeV}",
      collaboration  = "D0",
      journal        = "Phys. Rev. Lett.",
      volume         = "112",
      year           = "2014",
      number         = "15",
      pages          = "151803",
      doi            = "10.1103/PhysRevLett.114.049901,
                        10.1103/PhysRevLett.112.151803",
      note           = "[Erratum: Phys. Rev. Lett.114,no.4,049901(2015)]",
      eprint         = "1312.2895",
      archivePrefix  = "arXiv",
      primaryClass   = "hep-ex",
      reportNumber   = "FERMILAB-PUB-13-567-E",
      SLACcitation   = "%%CITATION = ARXIV:1312.2895;%%"
}

@article{Acosta:2005ud,
      author         = "Acosta, D. and others",
      title          = "{Measurement of the forward-backward charge asymmetry
                        from $W \to e \nu$ production in $p\bar{p}$ collisions at
                        $\sqrt{s} = 1.96$ TeV}",
      collaboration  = "CDF",
      journal        = "Phys. Rev.",
      volume         = "D71",
      year           = "2005",
      pages          = "051104",
      doi            = "10.1103/PhysRevD.71.051104",
      eprint         = "hep-ex/0501023",
      archivePrefix  = "arXiv",
      primaryClass   = "hep-ex",
      reportNumber   = "FERMILAB-PUB-05-005-E",
      SLACcitation   = "%%CITATION = HEP-EX/0501023;%%"
}

@article{Aaltonen:2009ta,
      author         = "Aaltonen, T. and others",
      title          = "{Direct Measurement of the $W$ Production Charge
                        Asymmetry in $p\bar{p}$ Collisions at $\sqrt{s} = 1.96$
                        TeV}",
      collaboration  = "CDF",
      journal        = "Phys. Rev. Lett.",
      volume         = "102",
      year           = "2009",
      pages          = "181801",
      doi            = "10.1103/PhysRevLett.102.181801",
      eprint         = "0901.2169",
      archivePrefix  = "arXiv",
      primaryClass   = "hep-ex",
      reportNumber   = "FERMILAB-PUB-09-017-E",
      SLACcitation   = "%%CITATION = ARXIV:0901.2169;%%"
}

@article{Aaltonen:2010zza,
      author         = "Aaltonen, Timo Antero and others",
      title          = "{Measurement of $d\sigma/dy$ of Drell-Yan $e^+e^-$ pairs
                        in the $Z$ Mass Region from $p\bar{p}$ Collisions at
                        $\sqrt{s}=1.96$ TeV}",
      collaboration  = "CDF",
      journal        = "Phys. Lett.",
      volume         = "B692",
      year           = "2010",
      pages          = "232-239",
      doi            = "10.1016/j.physletb.2010.06.043",
      eprint         = "0908.3914",
      archivePrefix  = "arXiv",
      primaryClass   = "hep-ex",
      reportNumber   = "FERMILAB-PUB-10-057-E",
      SLACcitation   = "%%CITATION = ARXIV:0908.3914;%%"
}

@article{Abazov:2007jy,
      author         = "Abazov, V. M. and others",
      title          = "{Measurement of the shape of the boson rapidity
                        distribution for $p \bar{p} \to Z/gamma^* \to e^{+} e^{-}$
                        + $X$ events produced at $\sqrt{s}$ of 1.96-TeV}",
      collaboration  = "D0",
      journal        = "Phys. Rev.",
      volume         = "D76",
      year           = "2007",
      pages          = "012003",
      doi            = "10.1103/PhysRevD.76.012003",
      eprint         = "hep-ex/0702025",
      archivePrefix  = "arXiv",
      primaryClass   = "HEP-EX",
      reportNumber   = "FERMILAB-PUB-07-040-E",
      SLACcitation   = "%%CITATION = HEP-EX/0702025;%%"
}

@article{Cano:2003ju,
      author         = "Cano, F. and Pire, B.",
      title          = "{Deep electroproduction of photons and mesons on the
                        deuteron}",
      journal        = "Eur. Phys. J.",
      volume         = "A19",
      year           = "2004",
      pages          = "423-438",
      doi            = "10.1140/epja/i2003-10127-x",
      eprint         = "hep-ph/0307231",
      archivePrefix  = "arXiv",
      primaryClass   = "hep-ph",
      SLACcitation   = "%%CITATION = HEP-PH/0307231;%%"
}

@article{Solvignon:2009it,
      author         = "Solvignon, Patricia and Gaskell, Dave and Arrington,
                        John",
      title          = "{Coulomb Distortion in the Inelastic Regime}",
      booktitle      = "{Positrons at Jefferson Lab. Proceedings, International
                        Workshop, JPOS 09, Newport News, USA, March 25-27, 2009}",
      journal        = "AIP Conf. Proc.",
      volume         = "1160",
      year           = "2009",
      pages          = "155-159",
      doi            = "10.1063/1.3232024",
      eprint         = "0906.0512",
      archivePrefix  = "arXiv",
      primaryClass   = "nucl-ex",
      reportNumber   = "JLAB-PHY-09-999",
      SLACcitation   = "%%CITATION = ARXIV:0906.0512;%%"
}


@Article{Airapetian2011,
    author="{The HERMES Collaboration}
and Airapetian, A.  and Akopov, N.  and Akopov, Z.  and Aschenauer, E. C.  and Augustyniak, W.  and Avakian, R.  and Avetissian, A.  and Avetisyan, E.  and Belostotski, S.  and Bianchi, N.  and Blok, H. P.  and Borissov, A.  and Bowles, J.  and Brodski, I.  and Bryzgalov, V.  and others",
    title="Multidimensional study of hadronization in nuclei",
    journal="The European Physical Journal A",
    year="2011",
    month="Sep",
    day="27",
    volume="47",
    number="9",
    pages="113",
    issn="1434-601X",
    doi="10.1140/epja/i2011-11113-5",
        url="https://doi.org/10.1140/epja/i2011-11113-5"
}

@article{PhysRevC.75.035206,
    title = {Nuclear broadening of transverse momentum in Drell-Yan reactions},
    author = {Johnson, M. B. and Kopeliovich, B. Z. and Leitch, M. J. and McGaughey, P. L. and Moss, J. M. and Potashnikova, I. K. and Schmidt, Ivan},
    journal = {Phys. Rev. C},
    volume = {75},
    issue = {3},
    pages = {035206},
    numpages = {7},
    year = {2007},
    month = {Mar},
    publisher = {American Physical Society},
    doi = {10.1103/PhysRevC.75.035206},
    url = {https://link.aps.org/doi/10.1103/PhysRevC.75.035206}
}

@article{PhysRevLett.99.242502,
    title = {Measurement of Nuclear Transparency for the $A(e,{e}^{\ensuremath{'}}{\ensuremath{\pi}}^{+})$ Reaction},
    author = {Clasie, B. and Qian, X. and Arrington, J. and others},
    journal = {Phys. Rev. Lett.},
    volume = {99},
    issue = {24},
    pages = {242502},
    numpages = {5},
    year = {2007},
    month = {Dec},
    publisher = {American Physical Society},
    doi = {10.1103/PhysRevLett.99.242502},
    url = {https://link.aps.org/doi/10.1103/PhysRevLett.99.242502}
}

@article{ELFASSI2012326,
title = "Evidence for the onset of color transparency in Ï0 electroproduction off nuclei",
journal = "Physics Letters B",
volume = "712",
number = "4",
pages = "326 - 330",
year = "2012",
issn = "0370-2693",
doi = "https://doi.org/10.1016/j.physletb.2012.05.019",
url = "http://www.sciencedirect.com/science/article/pii/S0370269312005369",
author = "L. El Fassi and L. Zana and K. Hafidi and M. Holtrop and B. Mustapha and W.K. Brooks and H. Hakobyan and X. Zheng and others"
}

@article{Fomin:2010ei,
      author         = "Fomin, N. and others",
      title          = "{Scaling of the $F_2$ structure function in nuclei and
                        quark distributions at $x>1$}",
      journal        = "Phys. Rev. Lett.",
      volume         = "105",
      year           = "2010",
      pages          = "212502",
      doi            = "10.1103/PhysRevLett.105.212502",
      eprint         = "1008.2713",
      archivePrefix  = "arXiv",
      primaryClass   = "nucl-ex",
      reportNumber   = "JLAB-PHY-10-1238",
      SLACcitation   = "%%CITATION = ARXIV:1008.2713;%%"
}


@article{Mulders:1983au,
      author         = "Mulders, Piet J. and Thomas, Anthony William",
      title          = "{The 'Six Quark' Component in the Deuteron From a
                        Comparison of Electron and Neutrino / Anti-neutrinos
                        Structure Functions}",
      journal        = "Phys. Rev. Lett.",
      volume         = "52",
      year           = "1984",
      pages          = "1199",
      doi            = "10.1103/PhysRevLett.52.1199",
      reportNumber   = "MIT-CTP-1121",
      SLACcitation   = "%%CITATION = PRLTA,52,1199;%%"
}


@article{Arrington:2003qt,
      author         = "Arrington, John",
      title          = "{Do ordinary nuclei contain exotic states of matter?}",
      booktitle      = "{Proceedings, 19th Winter Workshop on Nuclear Dynamics
                        (WWND 2003): Breckenridge, USA, February 8-15, 2003}",
      journal        = "Acta Phys. Hung.",
      volume         = "A21",
      year           = "2004",
      pages          = "295-300",
      doi            = "10.1556/APH.21.2004.2-4.30",
      eprint         = "hep-ph/0304213",
      archivePrefix  = "arXiv",
      primaryClass   = "hep-ph",
      SLACcitation   = "%%CITATION = HEP-PH/0304213;%%"
}

@article{CiofidegliAtti:1999kp,
      author         = "Ciofi degli Atti, Claudio and Kaptari, L. P. and
                        Scopetta, S.",
      title          = "{Semiinclusive deep inelastic lepton scattering off
                        complex nuclei}",
      journal        = "Eur. Phys. J.",
      volume         = "A5",
      year           = "1999",
      pages          = "191-207",
      doi            = "10.1007/s100500050275",
      eprint         = "hep-ph/9904486",
      archivePrefix  = "arXiv",
      primaryClass   = "hep-ph",
      SLACcitation   = "%%CITATION = HEP-PH/9904486;%%"
}


@article{PhysRevC.82.054614,
  title = {Structure functions for light nuclei},
  author = {Kulagin, S. A. and Petti, R.},
  journal = {Phys. Rev. C},
  volume = {82},
  issue = {5},
  pages = {054614},
  numpages = {11},
  year = {2010},
  month = {Nov},
  publisher = {American Physical Society},
  doi = {10.1103/PhysRevC.82.054614},
  url = {https://link.aps.org/doi/10.1103/PhysRevC.82.054614}
}

@article{Arrington:2015wja,
      author         = "Arrington, John",
      title          = "{Short-range correlations and their implications for
                        isospin-dependent modification of nuclear quark
                        distributions}",
      booktitle      = "{Proceedings, 21st International Conference on Few-Body
                        Problems in Physics (FB21): Chicago, IL, USA, May 18-22,
                        2015}",
      journal        = "EPJ Web Conf.",
      volume         = "113",
      year           = "2016",
      pages          = "01011",
      doi            = "10.1051/epjconf/201611301011",
      eprint         = "1508.05042",
      archivePrefix  = "arXiv",
      primaryClass   = "nucl-ex",
      SLACcitation   = "%%CITATION = ARXIV:1508.05042;%%"
}

@article{PhysRevLett.119.262502,
    title = {Short-Range Correlations and the EMC Effect in Effective Field Theory},
    author = {Chen, Jiunn-Wei and Detmold, William and Lynn, Joel E. and Schwenk, Achim},
    journal = {Phys. Rev. Lett.},
    volume = {119},
    issue = {26},
    pages = {262502},
    numpages = {6},
    year = {2017},
    month = {Dec},
    publisher = {American Physical Society},
    doi = {10.1103/PhysRevLett.119.262502},
    url = {https://link.aps.org/doi/10.1103/PhysRevLett.119.262502}
}

@article{Tvaskis:2016uxm,
      author         = "Tvaskis, V. and others",
      title          = "{Measurements of the separated longitudinal structure
                        function $F_L$ from hydrogen and deuterium targets at low
                        $Q^2$}",
      journal        = "Phys. Rev.",
      volume         = "C97",
      year           = "2018",
      number         = "4",
      pages          = "045204",
      doi            = "10.1103/PhysRevC.97.045204",
      eprint         = "1606.02614",
      archivePrefix  = "arXiv",
      primaryClass   = "nucl-ex",
      reportNumber   = "JLAB-PHY-16-2295",
      SLACcitation   = "%%CITATION = ARXIV:1606.02614;%%"
}


@article{Tvaskis:2006tv,
      author         = "Tvaskis, V. and others",
      title          = "{Longitudinal-transverse separations of structure
                        functions at low Q**2 for hydrogen and deuterium}",
      journal        = "Phys. Rev. Lett.",
      volume         = "98",
      year           = "2007",
      pages          = "142301",
      doi            = "10.1103/PhysRevLett.98.142301",
      eprint         = "nucl-ex/0611023",
      archivePrefix  = "arXiv",
      primaryClass   = "nucl-ex",
      reportNumber   = "JLAB-PHY-06-577",
      SLACcitation   = "%%CITATION = NUCL-EX/0611023;%%"
}

@article{Miller:2001yf,
      author         = "Miller, Gerald A.",
      title          = "{Revealing nuclear pions using electron scattering}",
      journal        = "Phys. Rev.",
      volume         = "C64",
      year           = "2001",
      pages          = "022201",
      doi            = "10.1103/PhysRevC.64.022201",
      eprint         = "nucl-th/0104025",
      archivePrefix  = "arXiv",
      primaryClass   = "nucl-th",
      reportNumber   = "NT-UW-01-05",
      SLACcitation   = "%%CITATION = NUCL-TH/0104025;%%"
}

@misc{Keppel_private,
    author = "Keppel, C. E.",
    howpublished = "Private communication",
        note = "regarding results from Experiments E03-110 and E04-001 (publication in progress)."
}  
